3234 4842
1367 183 1861 262 -‘7--

579 392 755 470 Quae
801 393 1025 458 Strabo
1069 394 1139 456 in
1181 392 1346 457 libro¹
1390 393 1796 458 duodecimo¹
1869 393 1948 458 de
1987 393 2221 457 Moesis
2266 394 2478 482 affert,
2526 371 2832 477 'repetun-

401 521 510 581 tur
554 535 637 580 ex
682 515 895 580 verbis
940 515 1298 599 Posidonii,
1350 535 1513 599 quae
1573 516 1696 580 hoc
1742 517 1878 580 loco
1924 514 2395 581 exscribuntur.
2466 506 2470 510 ’

577 655 717 718 Iam
761 659 1008 719 constat
1049 655 1121 718 in
1158 655 1277 718 hac
1321 655 1716 739 paragrapho
1760 655 2175 740 praecipuum
2213 645 2549 719 Strabonis
2592 653 2834 717 fontem

403 795 541 841 6886
602 776 1047 858 Posidonium,
1120 779 1449 862 quaeritur
1502 783 1711 842 tamen
1767 778 1956 841 etiam
2013 796 2218 856 nunc,
2281 781 2504 840 utrum
2566 765 2835 840 omnia

402 901 687 965 hauserit
729 919 812 964 ex
853 900 978 966 illo.
1071 899 1212 977 Qua
1254 901 1324 964 in
1372 901 1744 984 quaestione
1797 899 2126 964 tractanda
2152 899 2518 983 proficimus
2550 918 2634 962 ex
2663 918 2833 962 com-

401 1023 727 1106 paratione
768 1023 1056 1086 locorum
1107 1022 1709 1104 Strabonianorum,
1767 1022 1880 1106 qui
1923 1021 2217 1086 similiter
2260 1025 2412 1085 sunt
2456 1021 2831 1104 comparati3

402 1125 584 1209 unde*
618 1144 695 1208 fit
735 1145 1175 1230 perspicuum,
1237 1147 1608 1230 scriptorem
1672 1144 1983 1229 quaedam
2043 1148 2157 1207 aut
2212 1143 2472 1207 aliunde
2528 1144 2829 1226 petivisse

403 1271 515 1331 aut
560 1267 637 1331 de
683 1286 800 1330 suo
846 1266 1179 1332 addidisse.
1268 1268 1548 1332 Inseruit
1595 1268 1768 1331 enim
1809 1265 2030 1331 Strabo
2077 1265 2624 1348 commentationi,
2672 1285 2834 1349 quae
2893 1282 2900 1289 ·

403 1394 500 1453 est
545 1389 623 1453 de
668 1389 874 1470 Mysis
919 1390 990 1452 in
1033 1410 1164 1473 par.
1212 1393 1278 1473 2,
1324 1395 1508 1454 notas
1552 1388 1897 1452 nonnullas
1943 1387 2169 1452 breves
2215 1387 2293 1451 de
2334 1387 2474 1451 aliis
2518 1386 2836 1472 gentibuS,

405 1531 565 1594 quas
624 1511 983 1575 accuratius
1055 1515 1283 1576 tractat
1350 1512 1420 1574 in
1488 1510 1653 1574 libro
1716 1509 2118 1591 duodecim03
2140 1510 2164 1548 ²
2232 1496 2336 1573 hic
2402 1510 2692 1594 exponit,
2755 1509 2833 1573 ab

404 1634 685 1698 Homero
731 1633 1219 1718 Mariandynos,
1282 1634 1635 1717 BebryceS,
1712 1633 2059 1716 Bithynos,
2134 1631 2394 1714 Thynos
2460 1651 2592 1696 non
2665 1651 2834 1695 com-

403 1756 799 1835 memorari,³
865 1755 1034 1838 quod
1103 1776 1186 1820 ex
1240 1734 1627 1839 Apollodoro
1673 1756 1943 1840 petitum
2013 1774 2153 1819 esse
2222 1759 2488 1838 apparet
2550 1773 2633 1819 ex
2698 1753 2836 1818 Ioco

398 1876 546 1940 libri
590 1876 810 1942 XIV}
911 1876 1341 1961 Apollodorus
1384 1877 1585 1961 igitur
1622 1877 2076 1962 grammaticus
2120 1880 2377 1960 praeter
2420 1856 2834 1955 Posidonium

401 2000 470 2061 in
512 1999 906 2083 paragrapho
952 2003 1171 2063 nostra
1212 2001 1359 2063 usui
1402 1999 1526 2063 fuit
1556 1983 1870 2064 Straboni.
1959 1998 2153 2062 Illum
2192 1999 2363 2063 enim
2407 1999 2476 2061 in
2517 2017 2837 2061 commen-

407 2122 565 2185 tario
611 2122 878 2205 catalogi
931 2124 1195 2186 navium
1258 2123 1509 2207 copiose
1563 2121 1643 2186 de
1688 2121 1986 2186 omnibus
2043 2122 2143 2185 his
2197 2120 2494 2207 gentibus
2549 2119 2833 2204 disputa-

401 2244 573 2307 visse
618 2244 753 2327 ipse
782 2243 1008 2307 Strabo
1056 2244 1261 2307 dicit.⁵
1338 2243 1589 2328 Bryges
1635 2262 1783 2307 vero
1832 2248 1896 2308 et
1924 2241 2216 2327 Phryges
2245 2247 2309 2306 et
2335 2241 2556 2324 Mysos
2584 2241 2842 2325 Apollo-

402 2365 596 2430 dorus
637 2365 829 2429 tradit
874 2385 1096 2430 omnes
1134 2365 1422 2431 eiusdem
1473 2384 1615 2430 6886
1657 2366 1898 2449 stirpiS,
1962 2369 2156 2448 atque
2201 2364 2320 2427 hoc
2364 2382 2447 2428 ex
2490 2383 2563 2428 eo
2604 2363 2842 2448 recepit

403 2484 630 2551 Strabo
675 2488 744 2551 in
784 2488 1252 2572 paragraphum
1298 2489 1391 2551 2.6

580 2626 919 2691 Praeterea
959 2628 1026 2690 in
1077 2632 1266 2691 textu
1310 2627 1655 2692 verborum
1692 2627 2026 2692 Posidonii
2067 2630 2280 2690 exstat
2324 2625 2844 2708 additamentum,

407 2749 576 2833 quod
624 2749 701 2813 de
747 2769 865 2813 suo
912 2749 1062 2814 fecit
1107 2718 1376 2833 Strabo,
1429 2755 1624 2833 atque
1670 2771 1708 2814 a
1751 2750 2082 2814 sententiis
2142 2748 2398 2812 aliunde
2446 2748 2663 2831 petitis
2704 2747 2843 2830 ipsa

583 3077 636 3143 1)
684 3076 824 3136 ΧΠ.
863 3079 925 3146 3,
964 3077 1012 3131 3.
1043 3077 1099 3132 e.
1134 3077 1235 3131 541
1263 3094 1306 3132 s.

581 3197 634 3266 2)
689 3198 836 3265 XII,
871 3200 929 3267 3,
969 3198 1052 3253 20.
1084 3198 1142 3253 c.
1181 3199 1286 3253 550
1308 3215 1351 3253 s.

580 3321 634 3387 3)
685 3319 828 3389 XII,
867 3321 927 3389 3,
965 3319 1048 3374 27.
1075 3320 1133 3376 O.
1169 3320 1289 3375 554.
1350 3319 1789 3389 Μαριανδυνοὺς
1841 3319 2005 3380 δ’ὀῦ,
2052 3318 2184 3372 οὐδὲ
2238 3286 2451 3378 Θυνοὺς
2496 3316 2625 3369 οὐδὲ
2663 3321 2842 3368 ,Βιθυ-

405 3424 535 3484 νοὺς
590 3424 718 3477 οὐδὲ
773 3427 1068 3496 Βέβρυκας.
1143 3425 1210 3480 of.
1247 3425 1423 3480 adnot.
1477 3423 1526 3480 2.
1578 3452 1644 3461 —-
1719 3424 1874 3492 XIV,
1925 3425 1986 3493 5,
2040 3422 2124 3477 23.
2164 3422 2221 3477 C.
2261 3422 2365 3476 578
2420 3421 2703 3481 Βιθυνοὺς
2745 3422 2840 3473 καὶ

406 3527 842 3598 Μαριανδυνοὺς
879 3570 891 3582 .
915 3571 926 3583 .
949 3571 960 3583 .
997 3529 1131 3599 μηδ’
1179 3529 1515 3598 ὠνομάσθαι
1557 3570 1570 3583 .
1594 3570 1606 3583 .
1633 3569 1646 3583 .
1686 3530 1780 3581 καὶ
1815 3530 2088 3597 Βέβρυκες
2128 3528 2320 3596 Φρυξί.

580 3648 636 3715 4)
685 3649 995 3739 Secundum
1034 3650 1176 3719 XII,
1215 3651 1272 3718 3,
1315 3650 1400 3704 27.
1431 3650 1488 3705 O.
1524 3649 1630 3704 554
1663 3649 1839 3718 ipsius
1877 3647 2159 3703 Strabonis
2194 3646 2490 3713 sententia,
2540 3646 2840 3700 secundum

405 3754 566 3824 XIV,
605 3756 665 3823 5,
703 3755 786 3809 23.
816 3755 872 3809 C.
912 3754 1016 3809 678
1052 3755 1120 3810 ab
1156 3755 1477 3825 Apollodoro
1513 3755 1702 3824 petita.

584 3877 638 3940 5)
686 3874 849 3945 XVI,
885 3877 946 3945 4,
985 3875 1068 3931 26.
1097 3876 1154 3931 C.
1197 3876 1300 3931 679
1349 3872 1765 3945 Ἀπολλόδωρος
1807 3876 1868 3929 δὲ
1904 3876 2114 3929 τούτων
2150 3874 2258 3944 μὲν
2293 3872 2621 3943 ἐφρόντισεν
2663 3871 2842 3936 οὐδὲν,

406 3985 525 4041 τοῖς
560 3979 621 4033 δὲ
659 3979 945 4033 ἑκκαίδεκα
976 3980 1165 4034 ἔθνεσι
1204 3984 1576 4051 προςτίθησιν
1609 3980 2097 4042 ἑπτακαιδέκατον,
2136 3978 2200 4030 τὸ
2237 3985 2349 4031 τῶν
2386 3979 2659 4032 Γαλατῶν.

585 4100 639 4167 6)
692 4099 996 4170 Apollodor.
1044 4118 1127 4170 ap.
1165 4100 1338 4155 Strab.
1377 4100 1515 4169 XII,
1554 4102 1603 4169 3,
1656 4101 1739 4156 20.
1769 4101 1828 4155 C.
1866 4100 1971 4155 550
2022 4101 2233 4170 ὁμοίως
2269 4099 2332 4152 δὲ
2370 4100 2462 4151 καὶ
2500 4104 2709 4169 Βρῦγοι
2751 4098 2842 4150 καὶ

410 4205 621 4274 Βρύγες
662 4206 914 4275 (Βρίγες)
950 4207 1042 4257 καὶ
1082 4206 1297 4275 Φρύγες
1334 4207 1389 4260 οἱ
1427 4206 1610 4270 αὐτοί,
1658 4207 1750 4259 καὶ
1789 4205 1988 4256 Mvaoz
2033 4205 2125 4256 καὶ
2166 4206 2421 4273 Μέρονες
2458 4204 2552 4255 καὶ
2587 4205 2843 4260 Maiores·

408 4308 501 4359 καὶ
539 4304 784 4380 Μῄονες.
