3234 4842
1358 250 1494 258 ..-
1591 214 1672 278 14
1765 254 1898 259 Μ-

412 427 782 511 partiretur,
831 444 1151 508 nusquam
1184 424 1312 488 nisi
1341 424 1511 508 apud
1542 423 1916 489 Strabonem
1949 425 2235 489 traditur.
2312 422 2634 508 Denique,
2665 420 2853 521 'quod

414 553 630 612 narrat
675 546 898 613 Strabo
941 552 1005 610 et
1046 545 1507 630 Jamblichus,¹
1547 546 1820 610 Thraces
1862 547 2148 611 diversos
2193 547 2464 610 coluisse
2509 546 2660 610 deos
2703 530 2852 609 con-⁴

409 689 638 754 gruere
683 689 815 733 non
845 670 1101 733 videtur
1139 688 1287 733 cum
1318 668 1581 750 reliquis
1614 669 2011 733 testimoniis
2085 667 2211 732 Sed
2243 669 2298 733 si
2326 668 2852 753 reputaverimus,

412 812 575 877 quae
603 792 843 856 fuerint
873 791 1258 855 Graecorum
1300 792 1401 855 his
1442 790 1519 854 de
1563 789 1756 855 rebus
1789 792 2144 875 opinioneS,
2189 790 2372 855 facile
2400 791 2850 876 intelligemuS,

412 915 728 998 quomodo
773 913 1013 978 factum
1058 914 1171 997 sit,
1217 917 1291 976 ut
1337 913 1525 976 etiam
1568 912 1915 977 Thracibus
1961 912 2361 977 diversorum
2408 913 2673 978 deorum
2718 914 2851 977 cul-

408 1042 514 1101 tus
559 1036 961 1101 tribueretur.
1051 1035 1383 1100 Postremo
1431 1034 1657 1100 Strabo
1707 1035 1912 1118 addit,
1976 1054 2224 1120 semper
2267 1055 2474 1100 unum
2516 1037 2852 1101 inventum

410 1179 547 1225 esse
608 1160 776 1244 apud
836 1159 1106 1223 Thraces
1167 1158 1407 1241 virum,
1478 1157 1686 1242 qualis
1755 1162 1890 1221 erat
1951 1157 2305 1242 Zamolxiffi
2370 1178 2649 1244 eumque
2716 1160 2853 1244 regi

407 1301 655 1366 semper
724 1281 1000 1346 adfuisse
1066 1286 1136 1345 et
1206 1299 1419 1365 regem
1490 1279 1754 1344 consiJio
1826 1299 1944 1344 suo
2008 1280 2363 1362 adiuvisse⁴3
2447 1281 2852 1347 Boerebistae

408 1409 610 1469 aetate
655 1404 777 1468 hoc
823 1403 1028 1467 officio
1071 1402 1365 1467 functum
1411 1421 1549 1467 esse
1594 1401 2017 1466 Decaeneum.

581 1580 706 1645 His
738 1579 989 1644 duobus
1030 1580 1185 1644 viris
1222 1578 1641 1664 regnantibus
1674 1578 1997 1643 Dacorum
2026 1597 2300 1664 regnum
2330 1579 2539 1644 subito
2571 1581 2850 1643 maxime

407 1701 635 1767 florere
691 1707 1011 1787 coeperat,
1074 1721 1224 1765 cum
1279 1720 1486 1785 usque
1544 1702 1625 1765 ad
1677 1702 1838 1766 illud
1891 1707 2141 1786 tempus
2191 1702 2308 1764 vix
2349 1720 2584 1766 nomen
2630 1721 2851 1766 eorum

405 1825 817 1906 innotuisset3
883 1829 1107 1908 quarto
1163 1824 1420 1888 demum
1478 1824 1756 1907 saecule,
1819 1843 1965 1889 cum
2018 1824 2089 1887 in
2133 1822 2472 1888 comoediis
2515 1822 2851 1888 Menandri

406 1967 735 2011 servorum
805 1966 1116 2031 personae
1198 1966 1384 2031 saepe
1462 1945 1833 2011 nominibus
1914 1945 2141 2031 ,Daos’
2212 1952 2276 2011 et
2342 1946 2589 2031 ,Getes’
2654 1948 2849 2032 signi-

403 2070 815 2151 ficarentur‚²
854 2088 1090 2133 nomen
1134 2070 1345 2154 gentis
1387 2069 1459 2131 in
1491 2069 1879 2134 Graecorum
1925 2070 2216 2133 notitiam
2269 2071 2633 2154 pervenisse
2686 2071 2850 2133 veri-

405 2192 607 2257 simile
668 2197 781 2256 est.
870 2191 951 2255 In
1002 2190 1183 2256 libris
1238 2210 1455 2255 rerum
1507 2192 1888 2275 scriptorum
1909 2191 1934 2230 ⁸
1977 2192 2259 2276 primum
2320 2197 2851 2256 commemoratur

404 2314 523 2377 hoc
568 2333 802 2378 nomen
848 2333 1015 2377 anno
1061 2314 1206 2397 109,
1251 2332 1378 2397 quo
1413 2312 1572 2377 Daci
1619 2318 1683 2377 et
1727 2312 2044 2378 Scordisci
2085 2333 2123 2376 a
2162 2312 2447 2377 Minucio
2487 2306 2649 2377 victi'
2678 2318 2846 2377 sunt.

401 2435 596 2520 Apud
628 2435 1001 2502 Strabonem
1023 2438 1047 2474 ⁴
1094 2454 1300 2500 sermo
1346 2440 1443 2500 est
1488 2436 1565 2503 de
1611 2441 1922 2519 tempore,
1982 2455 2110 2520 quo
2153 2455 2312 2520 gens
2360 2435 2497 2518 illa,
2554 2436 2669 2498 uni
2711 2436 2847 2520 regi

402 2548 685 2642 subdita,
747 2559 918 2622 intra
976 2577 1215 2642 paucos
1275 2576 1477 2621 annos
1530 2558 1609 2622 ad
1669 2558 2023 2622 inauditam
2076 2558 2438 2640 pervenerit
2481 2559 2846 2642 potentiam,

404 2700 530 2763 quo
561 2679 933 2745 Boerebista
973 2685 1037 2745 et
1066 2679 1439 2745 Decaeneus
1477 2681 1788 2744 institutis
1833 2681 2020 2744 novis
2059 2685 2123 2745 et
2168 2680 2246 2743 ad
2295 2680 2562 2745 deorum
2603 2681 2846 2744 cultum

402 2807 463 2866 et
530 2802 608 2865 ad
673 2822 777 2867 res
839 2802 1127 2888 publicas
1193 2802 1665 2889 pertinentibus
1731 2807 1929 2867 totam
1992 2803 2315 2867 nationem
2382 2803 2567 2887 quasi
2633 2801 2844 2867 denuo
2929 2820 2937 2838 ’

399 2926 774 2991 creaverint.

578 3327 631 3395 1)
679 3325 878 3384 Jambl.
914 3343 968 3382 v.
1006 3326 1169 3398 Pyth.
1219 3327 1304 3382 ed.
1341 3326 1626 3398 Kiessling
1666 3327 1792 3398 LpS.
1844 3326 2005 3398 1825,
2051 3325 2086 3383 8
2123 3346 2173 3398 p.
2210 3327 2330 3384 364.
2406 3327 2685 3399 Ζάμολξις
2733 3325 2843 3399 γὰρ

411 3430 561 3499 Θρᾷξ
596 3433 673 3485 ὢν
712 3473 724 3485 .
746 3471 759 3483 .
782 3472 794 3486 .
832 3433 926 3484 καὶ
962 3441 1134 3485 ταῦτα
1171 3432 1481 3493 παιδεύσας
1513 3434 1644 3493 τοὺς
1670 3436 1838 3493 Γέτας
1871 3435 1965 3485 καὶ
1996 3434 2222 3503 γράψας
2249 3435 2439 3493 αὐτοῖς
2462 3433 2590 3493 τοὺς
2616 3434 2839 3503 νόμους,

398 3538 733 3605 μέγιστος
767 3543 896 3590 τῶν
932 3541 1109 3590 θεῶν
1147 3536 1266 3589 ἐστι
1307 3538 1437 3606 παρ’
1478 3537 1682 3597 αὐτοῖς.
1710 3566 1779 3574 -
1814 3537 2057 3593 Strabon.
2099 3536 2230 3606 VH,
2273 3538 2333 3606 3,
2374 3539 2424 3593 5.
2451 3537 2508 3592 C.
2548 3536 2649 3590 297
2694 3538 2839 3607 ἱερέα

406 3646 825 3707 κατασταθῆναι
883 3650 985 3693 τοῦ
1038 3641 1285 3710 μάλιστα
1347 3640 1477 3711 παρ’
1536 3642 1727 3702 αὐτοῖς
1783 3645 2104 3712 τιμωμένου
2166 3648 2319 3696 θεοῦ.
2409 3641 2610 3696 Herod.
2659 3642 2713 3709 4,
2769 3641 2839 3694 94

402 3744 600 3799 οὐδένα
649 3746 815 3799 ἄλλον
859 3745 997 3798 θεὸν
1037 3746 1356 3815 νομίζοντες
1412 3742 1555 3799 εἶναι
1591 3749 1643 3798 εἰ
1671 3747 1753 3817 μὴ
1786 3746 1885 3800 τὸν
1921 3750 2207 3817 σφέτερον.

572 3902 627 3969 2)
665 3902 853 3958 Strabo
890 3902 1025 3972 VH,
1065 3904 1125 3972 3,
1166 3902 1249 3956 12.
1280 3902 1337 3958 C.
1377 3902 1499 3958 304.

573 4042 629 4109 3)
676 4041 885 4110 Zippel,
926 4042 1012 4095 die
1048 4042 1317 4096 romische
1346 4042 1666 4096 Herrschast
1701 4044 1757 4096 in
1787 4042 2012 4112 Illyrien
2038 4042 2123 4096 bis
2152 4044 2248 4096 auf
2273 4045 2549 4112 Augustus
2576 4061 2625 4112 p.
2642 4041 2745 4096 213
2762 4058 2833 4097 SS.

402 4146 498 4215 Lp.
539 4146 690 4200 1878.

572 4285 628 4353 4)
659 4284 781 4353 vn,
819 4285 877 4353 3,
919 4285 999 4339 11.
1028 4286 1084 4340 o.
1125 4285 1227 4341 303
1256 4302 1299 4340 s.
