3234 4842
1350 169 1892 234 ffi29—

397 363 514 440 τὰς
531 357 640 439 ιεῖς
680 361 792 450 τὴν
834 356 1055 450 λίμνην
1098 361 1205 428 ἐκ-
1684 361 1767 425 τὰ
1810 360 2253 449 άρκτικώτατα
2296 363 2452 452 μέρη

397 484 596 567 βολὰς
635 482 969 564 διεχούσας
1007 481 1291 571 άλλήλων
1684 493 1797 570 τῆς
1839 483 2256 568 Μαιώτιδος,
2304 476 2618 575 ἑξήκοντα

400 603 567 669 ὅσων
611 600 913 682 σταδίους
951 600 1264 693 ἑξήκοντα.
1690 598 1992 681 σταδίους
2022 603 2305 693 ἀλλήλων
2336 605 2693 689 διέχουσαι)
2718 661 2733 677 .
2768 664 2781 678 .
2816 662 2833 678 .

399 719 540 790 ἔστι
589 723 660 790 δὲ
702 723 815 790 καὶ
858 724 1054 803 πόλις
1099 725 1341 809 ὁμώνυ-
1689 722 1805 789 ἐπὶ
1850 723 1922 789 δὲ
1961 737 2054 811 τῷ
2098 740 2378 814 ποταμῷ
2420 729 2546 796 καὶ·
2573 742 2653 821 τῇ
2693 720 2698 726 ’

399 869 523 929 μος
562 858 674 932 τῷ·
695 858 1000 932 ποταμῷ,
1047 844 1350 932 μέγιστον
1687 843 1873 935 λίμνῃ
1917 845 2115 924 πόλις
2160 841 2490 932 ὁμώνυμος
2536 848 2633 918 οἰ-

400 978 526 1031 τῶν
549 966 909 1055 ’βαρβάρων
946 965 1279 1055 ἐμπόριον.
1687 971 1897 1033 κεῖται
1950 967 2186 1048 Τάναϊς
2215 967 2314 1018 1—‘-
2361 968 2678 1062 ἐμπόριον

1687 1090 1903 1154 κοινὸν
1943 1101 2070 1154 τῶν
2112 1113 2183 1155 τε
2237 1085 2547 1159 Ἀσιανῶν
2590 1094 2701 1161 καὶ

1687 1223 1813 1275 τῶν
1857 1209 2259 1299 Εὐρωπαίων
2302 1213 2597 1298 νομάδων

1689 1331 2034 1419 πρόκειται
2091 1335 2130 1400 δ
2136 1333 2219 1399 ’ἐν
2263 1331 2490 1401 ἑκατὸν
2512 1331 2835 1416 ’σταδίους

402 1451 699 1518 ἐντεῦθεν
739 1453 845 1541 (ab
890 1455 1158 1519 introitu
1688 1463 1806 1517 τοῦ
1846 1449 2163 1543 ἐμπορίου
2207 1467 2396 1544 νῆσος
2430 1452 2796 1523 Ἀλωπεκία

403 1574 763 1661 Maeotidis)
810 1568 872 1638 δ’
924 1572 1124 1640 εὐθυ-
1689 1570 1988 1640 κατοικία
2015 1574 2304 1663 μιγάδων
2342 1575 2750 1665 ἀνθρώπων.
2778 1630 2793 1644 .
2817 1630 2832 1647 .

403 1690 608 1783 πλοίᾳ
650 1693 768 1779 μὲν
811 1692 927 1760 ἐπὶ
971 1695 1082 1761 τὸν
1135 1694 1373 1761 Τάναϊν

403 1815 515 1882 καὶ
557 1817 667 1905 τὴν
710 1818 878 1882 κατὰ
917 1818 1033 1895 τὰς
1076 1815 1347 1902 ἐκβολὰς

403 1950 592 2026 νῆσον
635 1938 895 2004 στάδιοι
941 1937 1086 2003 δισ-
1691 1936 1889 2021 διέχει
1933 1938 2006 2006 δὲ
2048 1950 2168 2006 τοῦ
2283 1960 2293 1993 ²
2413 1990 2417 1997 »

401 2054 603 2140 χίλιοι
648 2058 995 2142 διακόσιοι,
1092 2066 1095 2071 ’
1687 2059 2012 2145 στόματος
2055 2074 2167 2151 τῆς
2204 2063 2447 2128 Μαιώ-

402 2179 631 2268 μικρὸν
675 2180 733 2245 δ’
772 2181 973 2268 ὕπερ-
1687 2183 1869 2261 τιδος
1910 2182 2389 2250 εὐθυπλοοῢσιν

399 2300 626 2384 βάλλει
667 2312 784 2366 τοῦ
827 2301 1028 2389 α’ριθ-
1690 2303 1807 2370 ἐπὶ
1849 2306 1933 2371 τὰ
1975 2302 2204 2393 βόρεια
2249 2306 2394 2371 δισ-
2423 2311 2445 2333 “

399 2431 528 2505 μοῢ
559 2422 788 2488 τούτου
831 2421 1068 2489 πλέον-
1684 2422 1946 2513 χιλίους.
1972 2424 2083 2511 καὶ
2123 2421 2493 2505 διακοσίους

399 2565 464 2607 τι
511 2545 696 2633 παρὰ
732 2545 844 2633 τὴν
894 2539 1131 2613 Ἀσίαν.
1616 2614 1620 2615 ⁷
1687 2544 1993 2627 σταδίους
2037 2548 2073 2614 ὁ
2123 2547 2387 2631 Τάναϊς,
2438 2547 2512 2615 οὐ
2551 2551 2724 2616 πολὺ

1667 2662 1762 2735 ’δὲ
1806 2664 2073 2749 πλείους
2116 2665 2246 2737 εἰσί
2288 2670 2790 2761 παραλεγομένῳ

1689 2794 1801 2881 τὴν
1845 2799 1976 2880 γῆν·
2350 2795 2354 2798 >
2606 2798 2609 2802 .

573 2913 653 2978 In
697 2914 856 2979 libro
891 2915 1011 2981 XI.
1059 2915 1283 2981 Strabo
1330 2923 1396 2981 et
1437 2917 1709 2981 aliorum
1754 2922 1817 2981 et
1862 2928 2028 2981 suas
2057 2918 2405 2982 sententias
2447 2918 2836 2982 Artemidori

400 3037 612 3102 verbis
676 3039 973 3120 inseruit;
1050 3040 1155 3103 hic
1218 3040 1355 3104 sine
1420 3040 1552 3104 ullo
1620 3039 2046 3103 additamento
2088 3039 2282 3128 ,fflius
2347 3040 2833 3125 descriptionem

401 3161 645 3242 repetit.
739 3159 1140 3245 Quamquam
1178 3162 1392 3245 paullo
1438 3167 1586 3227 ante
1627 3161 1817 3246 dixit,
1867 3163 2104 3226 ostium
2148 3161 2485 3226 Maeotidis
2530 3163 2832 3247 appellari

404 3280 759 3364 Bosporum
827 3282 1300 3368 cimmericum,
1366 3285 1535 3349 idem
1596 3289 1882 3369 repetere
1945 3304 2077 3349 non
2142 3289 2432 3365 veretur3
2501 3285 2621 3348 hoc
2683 3284 2833 3349 inde

403 3403 849 3487 explicandum
895 3411 1019 3489 est,
1083 3406 1253 3490 quod
1308 3407 1428 3470 hoc
1475 3408 1613 3471 loco
1673 3420 1906 3470 novam
1951 3407 2344 3471 Artemidori
2395 3406 2836 3491 descriptionis

401 3532 670 3610 partem,
717 3546 879 3609 quae
923 3528 1197 3590 initium'
1225 3529 1393 3612 capit
1436 3548 1474 3591 a
1521 3527 1862 3612 Maeotide,
1907 3529 2044 3593 sine
2090 3529 2220 3592 ulla
2265 3530 2615 3593 mutatione
2658 3547 2835 3612 repe-

404 3649 496 3715 tit.
586 3646 971 3713 Latitudinis
1016 3648 1351 3713 Maeotidis
1407 3652 1810 3735 septuaginta
1867 3650 2219 3714 stadiorum
2272 3652 2425 3715 item
2481 3653 2717 3715 mentio
2762 3651 2848 3715 fit-

401 3771 470 3832 in
512 3768 674 3833 libro
714 3769 861 3853 XL,
905 3770 1157 3855 paludis
1202 3770 1514 3836 ambitum
1561 3792 1698 3837 esse
1742 3792 1976 3836 novem
2020 3772 2269 3835 milium
2314 3772 2665 3837 stadiorum
2708 3774 2834 3837 iam

401 3892 539 3956 loco
586 3893 945 3976 superiore1
999 3895 1311 3977 exposuit.
1404 3894 1633 3959 Forma
1692 3899 1755 3958 et
1810 3894 2184 3978 magnitudo
2235 3894 2648 3977 paeninsulae
2689 3915 2836 3959 cum

404 4014 841 4099 Peloponneso
872 4021 1351 4101 comparantur,
1396 4023 1589 4100 atque
1621 4022 1758 4080 tum
1804 4016 2139 4100 descriptio
2169 4018 2616 4101 topographica
2647 4017 2836 4081 relin-

585 4275 638 4344 1)
691 4275 881 4330 Strabo
921 4273 1004 4344 11,
1042 4277 1093 4345 5,
1131 4274 1214 4331 23.
1243 4274 1300 4329 C.
1340 4274 1462 4329 125.
