3234 4842
1386 248 1523 255 ..-
1616 198 1927 273 22'.—

437 401 664 468 Strabo
721 406 981 466 centum
1033 407 1100 466 et
1157 402 1580 487 quadraginta
1638 402 1759 467 sibi
1816 402 2187 467 deducenda
2241 422 2378 468 esse
2435 407 2646 487 putat,
2719 423 2869 467 cum

434 525 770 589 Niconiam
815 529 1074 588 centum
1134 529 1198 588 et
1245 524 1670 608 quadraginta
1715 523 1918 589 stadia
1962 524 2229 589 adverso
2263 518 2542 590 *flumine
2588 523 2667 589 ab
2709 526 2873 589 ostio

435 646 639 728 Tyrae
684 645 904 711 abesse
945 645 1172 711 credat.
1189 651 1209 686 ¹
1282 646 1363 710 In
1407 646 1526 710 hac
1571 648 2043 731 computatione
2087 666 2220 710 non
2263 651 2546 731 reputat,
2587 648 2658 710 in
2701 645 2878 711 fonte

439 788 558 832 suo
588 773 913 833 auctorem
943 787 981 831 a
1011 768 1441 851 septentrione
1471 768 1552 831 ad
1579 765 1911 833 meridiem
1934 768 2215 852 provehi.
2231 771 2255 808 ²
2329 768 2546 833 Primo
2589 769 2880 833 nominat

443 891 513 954 in
556 892 595 974 ξ
645 891 725 954 17
774 888 998 955 Strabo
1044 889 1541 975 Borysthenem,
1599 895 1746 974 post
1789 892 1963 979 hunc
2002 891 2331 975 Hypanin,
2389 893 2503 976 qui
2539 893 2744 976 magis
2789 891 2870 955 ad

441 1012 831 1077 occidentem
862 1012 1061 1077 solem
1101 1013 1263 1077 situs
1283 1012 1310 1051 ⁸
1351 1014 1620 1078 minoris
1662 1018 1760 1078 est
1802 1015 2126 1079 momenti.
2201 1013 2307 1077 Ad
2344 1014 2530 1078 illum
2575 1014 2699 1078 sita
2742 1019 2878 1078 erat

440 1134 595 1199 urbs
654 1134 865 1220 Olbia,
923 1135 1171 1199 colonia
1226 1135 1651 1220 Milesiorum,
1722 1136 2078 1201 secundum
2137 1136 2514 1202 Strabonem
2588 1137 2878 1220 ducenta,

440 1256 795 1321 secundum
837 1257 1258 1339 Anonymum
1313 1257 1540 1342 peripli
1584 1264 1909 1323 auctorem
1928 1261 1953 1297 ⁴
1999 1258 2280 1324 ducenta
2338 1263 2402 1323 et
2460 1258 2882 1343 quadraginta

446 1379 650 1444 stadia
688 1399 727 1442 a
754 1380 918 1443 mari
963 1379 1222 1444 distans.
1292 1379 1438 1445 Hoc
1480 1381 1619 1445 loco
1667 1381 1939 1465 scriptor
1975 1381 2194 1445 relicta
2237 1382 2689 1466 topogrophica
2733 1401 2881 1446 orae

446 1501 869 1585 descriptione
924 1501 1175 1566 duabus
1226 1503 1640 1588 paragraphis
1692 1522 1857 1587 quae
1918 1508 2309 1587 sequuntur,
2374 1507 2603 1568 tractat
2657 1509 2881 1588 gentes

444 1624 782 1708 regionum
822 1623 1082 1687 illarum
1126 1627 1192 1688 et
1225 1625 1507 1709 exponit,
1555 1624 1763 1707 qualis
1799 1624 1891 1687 ibi
1937 1625 2023 1688 sit
2064 1629 2297 1688 natura
2341 1625 2512 1688 caeli.

619 1743 718 1810 De
746 1745 886 1830 ipsa
913 1765 1024 1810 ora
1054 1746 1283 1812 Strabo
1313 1746 1468 1811 satis
1510 1745 1791 1811 breviter
1835 1747 2209 1831 disputavit,
2254 1748 2418 1811 nihil
2459 1748 2591 1831 fere
2634 1752 2883 1831 praeter

447 1868 608 1933 ostia
646 1867 822 1948 Istri,
876 1867 1108 1950 Tyrae‚
1173 1868 1598 1950 Borysthenis
1661 1870 2204 1953 commemoravit,
2267 1889 2349 1934 ne
2401 1870 2565 1933 *haec
2625 1870 2884 1954 quidem

447 1991 601 2054 satis
667 1994 959 2055 accurate
1020 1990 1386 2077 illustravit.
1495 1990 1620 2055 Vel
1695 1992 1860 2055 hanc
1927 1990 2005 2055 ob
2074 1984 2333 2056 causam
2395 1973 2882 2075 descriptionem

444 2112 622 2176 illam
672 2113 938 2197 petitam
999 2131 1137 2177 esse
1192 2105 1325 2177 non
1368 2132 1554 2197 posse
1593 2132 1676 2177 ex
1737 2114 1978 2198 periplo
2024 2112 2443 2197 Artemidori,
2505 2133 2700 2198 supra
2758 2115 2886 2177 iam

448 2236 687 2299 dictum
734 2241 858 2316 est3
907 2235 1178 2319 accedit,
1226 2235 1398 2318 quod
1447 2236 1698 2299 numeri
1747 2236 2083 2299 intervalla
2125 2236 2411 2300 locorum
2456 2236 2886 2319 significantes

447 2377 827 2443 magnopere
869 2359 1040 2423 inter
1080 2377 1148 2423 se
1217 2357 1533 2422 differunt.
1626 2357 2004 2441 Saepissime
2076 2376 2221 2422 vero
2282 2358 2506 2424 Strabo
2566 2359 2883 2423 consentit

447 2500 595 2544 cum
622 2479 867 2564 periplo
896 2479 1229 2561 Anonymi
1275 2480 1580 2564 auctoriS,
1616 2480 1812 2561 ¹cuius
1853 2480 2047 2544 verba
2087 2499 2273 2565 saepe
2319 2486 2473 2544 sunt
2511 2479 2840 2544 referenda
2857 2480 2884 2520 ⁵

449 2602 530 2665 ad
573 2602 954 2685 Scymnum,
1016 2604 1131 2686 qui
1186 2623 1304 2667 sua
1362 2602 1578 2667 hausit
1640 2622 1726 2667 ex
1778 2601 2051 2697 Ephoro.
2148 2600 2325 2678 Quae
2378 2621 2525 2665 cum
2586 2602 2678 2665 ita
2737 2602 2882 2685 siut,

448 2724 662 2789 credat
707 2725 879 2808 quiS,
926 2724 1304 2789 Strabonem
1335 2743 1593 2808 quoque
1635 2723 1891 2808 Ephoro
1937 2744 2127 2788 usum
2176 2742 2314 2788 esse
2358 2729 2645 2806 auctore,
2691 2727 2884 2807 atque

449 2848 604 2911 haec
648 2848 1012 2911 coniectura
1056 2865 1130 2911 eo
1176 2847 1616 2930 confirmatur,
1664 2846 1837 2930 quod
1880 2846 2064 2910 illum
2108 2845 2351 2929 Ephori
2394 2846 2884 2929 descriptionem

449 2972 590 3035 eius
635 2988 781 3034 orae
822 2970 1049 3052 partis,
1109 2990 1238 3053 qua
1282 2969 1448 3034 Ister
1499 2970 1569 3032 in
1608 2988 1784 3034 mare
1824 2968 2068 3053 influit,
2128 2973 2275 3033 ante
2331 2968 2547 3033 oculos
2589 2968 2886 3032 habuisse

449 3095 723 3172 constat3
770 3089 1072 3155 laudatur
1114 3094 1286 3155 enim
1332 3090 1565 3155 diserte
1611 3088 1911 3173 Ephorus
1954 3091 2025 3152 in
2063 3090 2184 3153 hac
2223 3092 2453 3173 parte.⁶

630 3213 807 3292 Quae
853 3212 1080 3279 Strabo
1139 3213 1218 3277 de
1275 3212 1576 3297 gentibus
1617 3213 1875 3278 illarum
1909 3214 2246 3296 regionum
2288 3214 2579 3297 exponit,
2640 3231 2724 3276 ex
2770 3231 2887 3276 sua

449 3337 656 3421 ipsius
711 3335 977 3401 scientia
1028 3333 1344 3402 addidisse
1399 3334 1687 3415 videtur,
1749 3338 2196 3419 praeterquam
2250 3335 2422 3418 quod
2467 3333 2886 3399 Posidonium

628 3580 682 3648 1)
733 3579 869 3649 §16,
911 3579 968 3634 O.
1009 3578 1129 3633 306.

624 3682 679 3751 2)
729 3686 780 3739 A
814 3683 1043 3739 Niconio
1095 3699 1269 3752 usque
1320 3682 1390 3737 ad
1426 3680 1624 3750 'Pyram
1671 3680 1975 3735 secundum
2010 3683 2384 3750 Anonymum,
2438 3679 2532 3750 qui
2580 3680 2640 3734 in
2686 3680 2886 3735 descri—

448 3787 623 3843 bendo
660 3805 693 3843 a
727 3789 1094 3857 septentrione
1148 3788 1215 3842 ad
1265 3784 1548 3840 meridiem
1599 3785 1967 3855 progreditur,
2020 3784 2114 3840 via
2159 3794 2243 3840 est
2290 3785 2516 3854 triginta
2569 3785 2886 3841 stadiorum.

448 3894 516 3948 cf.
558 3893 848 3949 Neumann
884 3894 921 3948 l.
947 3893 983 3948 1.
1022 3911 1056 3963 p
1101 3893 1206 3947 360
1243 3892 1366 3948 adn.

346 3983 355 3989 ’
628 3999 683 4066 3)
733 3999 800 4053 of.
838 3997 1031 4054 Strabo
1067 3996 1148 4066 11,
1185 3997 1245 4065 4,
1285 3997 1367 4050 14.
1397 3995 1453 4050 c.
1498 3995 1617 4052 107.

622 4104 680 4172 4)
733 4105 833 4172 Ap.
871 4102 1104 4156 Mueller
1137 4102 1198 4155 G.
1241 4101 1329 4155 Gr.
1367 4100 1499 4155 min.
1535 4100 1591 4169 Ι,
1629 4118 1681 4169 p.
1707 4100 1827 4158 407.
1902 4101 1967 4157 cf.
2006 4099 2205 4157 Herod.
2244 4097 2340 4170 IV,
2381 4097 2463 4155 78.

626 4209 682 4275 5)
719 4207 1010 4261 Neumann
1045 4206 1081 4261 l.
1109 4206 1145 4259 l.
1184 4224 1236 4275 p.
1260 4204 1380 4260 358.

626 4313 682 4384 6)
732 4312 922 4371 Strabo
960 4312 1098 4381 vn,
1136 4313 1185 4384 3,
1229 4311 1309 4368 15.
1339 4311 1395 4370 c.
1436 4310 1558 4376 305.
