3234 4842
562 1201 869 1299 Maxima
913 1233 1121 1317 operis
1164 1230 1568 1316 geographici
1599 1230 1927 1296 Strabonis
1970 1235 2149 1314 parte
2193 1234 2691 1295 consentaneum
2722 1235 2818 1295 est

383 1357 697 1422 contineri
757 1355 1245 1439 descriptionem
1300 1352 1614 1436 Europae.
1733 1352 1813 1416 In
1871 1373 1999 1436 qua
2059 1357 2399 1437 postquam
2474 1352 2816 1417 occidentis

384 1480 535 1545 solis
594 1484 824 1561 terraS,
880 1477 1290 1561 Hispaniam,
1340 1474 1609 1539 Galliam
1623 1524 1639 1557 ,
1692 1472 1945 1540 Italiam
1991 1480 2056 1540 et
2111 1475 2359 1540 insulas
2417 1495 2615 1560 prope
2660 1476 2815 1540 sitas

383 1601 709 1686 depinxit,
763 1600 947 1664 initio
1000 1598 1256 1682 septimi
1299 1596 1446 1661 libri
1491 1616 1559 1661 se
1603 1597 1799 1661 vertit
1850 1597 1931 1661 ad
1989 1596 2435 1662 describendas
2489 1602 2690 1662 terras
2735 1598 2816 1662 ad

384 1722 834 1806 septentrionis
893 1726 956 1786 et
1011 1719 1331 1803 aquilonis
1383 1724 1595 1803 partes
1649 1723 2005 1803 spectantes
2018 1766 2033 1797 ,
2092 1738 2252 1801 quas
2306 1719 2476 1784 inter
2518 1718 2816 1783 Rhenum

384 1850 449 1910 et
502 1845 744 1913 Tanain
802 1847 866 1907 et
922 1841 1001 1906 ad
1061 1846 1406 1924 utramque
1464 1840 1615 1904 Istri
1682 1841 1883 1925 ripam
1917 1816 1922 1821 ¹
1951 1842 2106 1905 sitas
2176 1860 2314 1906 esse
2381 1840 2550 1905 dicit.
2667 1841 2818 1925 Ipsa

386 1967 724 2051 descriptio
779 1965 1039 2029 initium
1101 1964 1269 2046 capit
1324 1961 1402 2025 ab
1465 1980 1540 2026 ea
1593 1966 1774 2045 parte
1825 1962 2229 2046 Germaniae,
2291 1981 2454 2047 quae
2508 1967 2607 2027 est
2647 1963 2817 2027 inter

383 2088 683 2153 Rhenum
729 2092 793 2151 et
836 2085 1082 2168 Albim,
1126 2083 1356 2149 deinde
1395 2089 1973 2149 commemorantur
2004 2084 2243 2148 Cimbri
2284 2085 2570 2168 aliaeque
2597 2089 2819 2169 gentes

385 2215 450 2275 et
525 2209 937 2274 Germanicae
998 2212 1062 2272 et
1114 2207 1280 2271 alius
1339 2206 1639 2291 originis,
1712 2211 1852 2270 tum
1914 2207 2185 2290 scriptor
2239 2207 2311 2269 in
2372 2207 2558 2270 tertio
2615 2207 2819 2290 capite

385 2331 751 2416 aggreditur
812 2330 893 2394 ad
952 2348 1126 2392 oram
1188 2327 1644 2393 occidentalem
1698 2328 1893 2392 maris
1937 2327 2191 2392 Pontici
2254 2332 2318 2392 et
2359 2332 2585 2412 gentes
2627 2329 2699 2390 in
2746 2346 2818 2392 ea

387 2452 746 2517 habitantes
793 2449 1257 2515 describendas.

561 2574 777 2637 Etiam
822 2576 1025 2636 aetate
1071 2572 1226 2635 satis
1267 2571 1507 2635 recenti
1531 2573 1552 2609 ¹
1602 2570 1829 2635 Graeci
1873 2576 2266 2635 remotarum
2317 2569 2575 2635 illarum
2618 2572 2821 2655 regio-

388 2716 546 2759 num
596 2695 677 2759 ad
729 2693 1049 2778 aquilonis
1099 2697 1311 2776 partes
1371 2692 1794 2775 spectantium
1810 2742 1826 2775 ,
1905 2711 2068 2776 quae
2142 2692 2400 2776 quidem
2461 2692 2687 2776 procul
2741 2693 2819 2756 ab

388 2836 498 2880 ora
553 2817 711 2882 sitae
772 2818 981 2897 erant,
1043 2814 1471 2899 cognitionem
1523 2833 1752 2897 parum
1813 2818 2172 2878 accuratam
2225 2813 2569 2894 habebant,
2627 2818 2819 2898 atque

389 2957 552 3022 quae
592 2937 670 3002 de
695 2938 794 3024 iis
838 2935 1295 3018 narrabantur,
1331 2934 1582 2999 fabulae
1626 2939 1822 2999 erant.
1918 2933 2126 3011 Quam
2166 2935 2247 2999 ob
2293 2955 2550 3000 causam
2595 2935 2820 3001 Strabo

389 3060 758 3145 diligentius
818 3057 1058 3143 quibus
1109 3056 1396 3121 fontibus
1458 3056 1580 3121 sibi
1639 3057 1725 3120 sit
1777 3057 2119 3141 utendum,
2190 3059 2441 3141 quaerit
2499 3062 2692 3142 atque
2749 3059 2820 3122 in

390 3182 590 3246 altera
634 3182 893 3246 demum
935 3179 1332 3264 paragrapho
1379 3197 1487 3243 eos
1532 3179 1828 3262 sequitur
1872 3184 2190 3262 auctoreS,
2236 3197 2396 3263 quos
2438 3179 2564 3244 fide
2596 3180 2823 3265 dignos

391 3321 528 3367 esse
580 3302 835 3367 iudicat.
955 3300 1035 3364 In
1095 3301 1197 3364 his
1251 3300 1624 3363 nominatur
1682 3300 2096 3384 Posidonius,
2171 3320 2298 3384 quo
2359 3302 2571 3386 paullo
2631 3311 2777 3367 ante
2796 3304 2821 3342 ²

392 3423 666 3507 scriptor
708 3424 863 3487 item
925 3441 1084 3486 usus
1143 3426 1256 3486 est.
1360 3419 1609 3485 Laudat
1665 3440 1813 3486 eum
1873 3441 2025 3487 sane
2072 3422 2280 3486 media
2344 3422 2600 3486 demum
2640 3443 2821 3507 para·
2947 3500 2952 3505 ἱ

392 3546 660 3631 graphO,
719 3545 831 3609 sed
882 3544 1186 3629 proclivis
1245 3548 1341 3608 est
1395 3543 1788 3627 coniectura,
1857 3563 2006 3609 eum
2071 3545 2263 3609 etiam
2325 3545 2580 3608 initium
2641 3565 2822 3629 para-

390 3667 616 3753 graphi
672 3686 755 3731 ex
815 3666 1036 3730 eodem
1098 3665 1276 3730 fonte
1350 3666 1656 3731 hausisse.
1780 3664 1965 3742 Quod
2039 3686 2265 3730 verum
2335 3685 2473 3731 esse
2544 3669 2822 3732 maxime

392 3793 653 3875 apparet
698 3808 781 3852 ex
826 3807 899 3853 eo
946 3787 1112 3870 loco,
1158 3807 1286 3871 quo
1334 3785 1558 3851 Strabo
1604 3792 1830 3852 tractat
1876 3789 2344 3872 quaestionem,
2402 3808 2565 3873 quae
2611 3794 2707 3854 est
2745 3790 2822 3856 de

569 4080 622 4147 1)
660 4078 924 4149 Polybius
963 4078 1072 4146 111,
1114 4079 1199 4133 37.
1235 4077 1321 4134 38.
1362 4110 1430 4119 —
1470 4077 1661 4133 Strabo
1698 4079 1753 4148 I,
1788 4080 1842 4132 2.
1881 4079 1927 4132 1.
1963 4079 2021 4133 C.
2064 4077 2146 4131 14.

568 4184 625 4248 2)
663 4182 990 4239 Posidonius
1027 4183 1170 4252 apud
1207 4182 1525 4238 Strabonem
1561 4182 1699 4248 VH,
1738 4183 1797 4249 2,
1837 4184 1884 4237 1.
1928 4183 1976 4237 2.
2002 4181 2061 4235 C.
2101 4181 2221 4237 293.
2265 4183 2334 4237 cf.
2362 4181 2600 4237 Mueller
2634 4185 2822 4251 fragm.

395 4286 793 4343 Historicorum
833 4286 1159 4342 Graecorum
1193 4286 1308 4352 111,
1344 4304 1393 4355 p.
1431 4284 1550 4339 284.
