3234 4842
1343 153 1886 218 ——30—

401 343 637 426 quitur.
728 341 809 406 In
864 345 1260 428 paragrapho
1318 345 1687 430 insequenti
1732 350 2193 410 enumerantur
2239 343 2467 429 oppida
2492 342 2839 425 nonnulla,

403 454 567 548 quae
609 466 680 529 in
725 464 892 530 bello
938 487 976 530 a
1023 466 1405 532 Mithradate
1449 472 1630 553 gesto
1676 468 1946 533 alicuius
1992 472 2175 533 erant
2217 467 2538 531 momenti.
2552 468 2576 506 ¹

578 586 742 653 Orae
791 587 1197 653 occidentalis
1240 591 1435 654 maris
1479 590 1735 654 Pontici
1795 592 1992 654 restat
2046 590 2254 655 adhuc
2309 609 2383 654 ea
2434 609 2612 674 parS,
2675 607 2839 672 quae

400 716 499 774 est
524 710 693 775 inter
721 709 965 775 Istrum
995 716 1060 776 et
1088 711 1503 796 Byzantium,
1549 733 1742 796 quam
1773 712 1997 778 Strabo
2044 712 2346 787 describit
2389 713 2459 777 in
2489 713 2693 796 capite
2727 712 2836 777 VI.

397 831 664 897 Initium
718 834 886 917 capit
942 833 1020 897 ab
1077 832 1271 918 Istro,
1333 854 1509 899 nunc
1559 836 1761 920 igitur
1814 856 1852 899 a
1903 837 2328 919 septentrione
2382 835 2464 899 ad
2510 834 2838 898 meridiem

399 930 626 1020 {tersus
667 928 1097 1040 progrediens,
1184 956 1327 1020 Hoc
1382 977 1641 1041 quoque
1700 962 1915 1043 totum,
1958 962 2150 1042 caput
2203 957 2281 1021 ab
2327 959 2407 1022 iis
2454 977 2618 1041 quae
2662 977 2740 1021 an
2748 962 2838 1021 te-

399 1078 635 1142 cedunt
675 1083 742 1143 et
785 1084 1150 1163 sequuntur
1194 1080 1348 1144 satis
1390 1080 1557 1144 clare
1602 1099 1678 1144 eo
1726 1080 2134 1163 discernitur,
2182 1081 2355 1164 quod
2400 1081 2712 1163 scriptum
2743 1084 2839 1143 est

397 1200 468 1262 in
506 1199 772 1292 ,modum
816 1200 1043 1285 peripli
1090 1206 1382 1266 accurate
1427 1201 1714 1271 confecti.
1801 1177 2212 1267 Memorabile
2257 1206 2354 1265 est
2399 1201 2571 1285 quod
2611 1200 2836 1266 Strabo

399 1339 547 1385 cum
591 1322 887 1406 periplis²
935 1323 1124 1408 plane
1169 1324 1487 1388 consentit
1531 1324 1610 1388 de
1655 1324 2074 1410 descriptione
2118 1307 2533 1407 Salmydessi,
2580 1323 2658 1387 de
2710 1343 2838 1406 qua

396 1442 568 1506 idem
597 1443 766 1527 apud
795 1436 1146 1526 Scy'muum
1165 1444 1191 1484 ³
1218 1446 1604 1510 invenimus
1696 1444 1905 1529 Supra
1948 1445 2367 1530 ostendimus,
2396 1423 2477 1509 ,in
2518 1445 2600 1509 iis
2643 1445 2836 1530 parti-

396 1563 538 1648 buS,
585 1566 821 1649 quibus
850 1566 1075 1633 Strabo
1116 1586 1292 1631 oram
1330 1568 1524 1631 maris
1553 1567 1807 1631 Pontici
1849 1566 2148 1632 describit
2189 1569 2258 1631 in
2298 1567 2561 1632 modum
2591 1567 2836 1651 peripli,

397 1688 468 1751 in
515 1707 643 1772 quo
703 1692 993 1752 accurate
1052 1693 1396 1753 enotantur
1445 1690 1732 1753 locorum
1776 1690 2142 1774 intervalla,
2205 1708 2353 1753 eum
2395 1690 2597 1773 'sequi
2646 1688 2836 1752 Arte-

397 1792 731 1874 midorum.
814 1810 878 1874 A
936 1811 1200 1876 meridie
1257 1812 1411 1875 item
1469 1811 1951 1876 Artemidorum
2013 1817 2273 1877 secutus
2333 1816 2432 1876 est
2489 1830 2695 1901 usque
2756 1811 2836 1875 ad

396 1931 819 2017 Byzantium,
867 1932 1040 2016 quod
1067 1934 1204 2018 ipse
1236 1932 1453 2016 dicit,⁴
1495 1935 1774 2001 maxime
1806 1935 2004 2020 igitur
2033 1940 2129 1999 est
2158 1935 2532 2018 verisimile,
2578 1952 2727 1997 eum
2765 1934 2836 1996 in

397 2052 810 2118 describenda
854 2074 929 2119 ea
974 2075 1120 2120 orae
1172 2060 1382 2141 parte,
1446 2075 1609 2138 quae
1666 2058 1837 2121 inter
1891 2057 2035 2121 illas
2095 2058 2217 2122 sita
2276 2061 2401 2141 est,
2464 2056 2684 2120 eodem
2736 2056 2836 2119 uti

399 2176 708 2244 auctore.⁵

570 2456 622 2526 1)
671 2455 1050 2527 Dittenberger
1085 2456 1238 2528 syll.,
1275 2475 1327 2528 p.
1366 2459 1485 2514 372.

577 2559 633 2626 2)
679 2562 780 2631 Ap.
818 2560 1048 2639 Mueller
1084 2561 1275 2632 Geogr.
1319 2563 1409 2617 Gr.
1452 2581 1524 2617 m.
1558 2563 1614 2633 Ι,
1652 2563 1688 2619 1.
1715 2563 1752 2619 l.

569 2664 625 2732 3)
677 2682 732 2722 v.
766 2664 869 2719 727
905 2681 991 2735 ap.
1027 2665 1260 2721 Mueller
1294 2666 1486 2737 Geogr.
1525 2660 1614 2722 Gr.
1658 2686 1726 2722 m.
1768 2667 1821 2737 I,
1857 2685 1908 2738 p.
1947 2668 2066 2721 224.

567 2769 625 2834 4)
674 2767 903 2823 Strabon
940 2768 1075 2838 VII,
1098 2767 1302 2849 fragm.
1341 2771 1426 2826 57.

568 2874 623 2939 5)
673 2874 740 2928 cf.
778 2873 1008 2931 Mueller
1045 2875 1105 2929 G.
1145 2877 1206 2930 G.
1243 2894 1314 2947 m.
1351 2876 1404 2947 Ι,
1442 2894 1490 2947 p.
1520 2876 1624 2931 225
1661 2878 1783 2933 adn.
1822 2879 1891 2933 ad
1930 2877 2050 2933 7⁴28.
