3234 4842
1329 172 1864 234 *ge-

385 384 578 448 supra
619 364 859 428 dictum
908 368 1022 429 est.
1110 364 1519 448 Sequentia,¹
1577 366 1648 428 in
1684 364 1920 449 quibus
1960 362 2186 430 Strabo
2232 364 2313 427 ad
2355 363 2822 429 Chersonesum

382 487 713 550 Tauricam
744 485 1219 551 describendam
1249 488 1496 570 transit,
1529 491 1592 551 et
1624 506 1785 571 quae
1815 507 1899 552 ex
1931 486 2154 550 eodem
2184 505 2372 569 opere
2399 488 2821 571 geographico

380 610 580 692 petita
623 628 760 673 esse
801 609 1209 674 manifestum
1251 614 1377 693 est,
1437 611 1817 675 confirmant
1868 610 2298 675 coniecturam
2341 613 2638 673 nostram.
2729 610 2823 675 Ut

383 751 578 815 supra
605 730 861 795 dictum
905 732 1065 815 est,²
1122 733 1439 817 imprimis
1481 732 1928 798 Artemidorus
1972 731 2144 815 apud
2187 732 2477 796 homines
2522 733 2822 816 antiquos
2925 802 2926 807 χ

382 857 575 918 notus
611 858 747 918 erat
773 858 1031 937 propter
1059 860 1418 919 accuratam
1449 855 1784 920 distantiae
1820 855 2108 919 locorum
2126 853 2594 938 definitionem,
2630 860 2822 939 atque

381 976 460 1039 ab
505 994 580 1040 eo
625 975 823 1059 petita
871 994 1037 1060 esse,
1099 996 1264 1059 quae
1307 978 1430 1042 hoc
1471 978 1609 1042 loco
1655 976 1827 1061 apud
1872 975 2246 1041 Strabonem
2301 975 2633 1061 leguntur,
2686 977 2823 1040 veri

383 1103 479 1162 est
522 1098 742 1162 simile.
815 1098 922 1162 Ad
955 1098 1121 1163 hanc
1161 1101 1589 1165 coniecturam
1627 1098 1791 1164 bene
1823 1097 2122 1183 quadrat,
2171 1098 2343 1183 quod
2373 1098 2822 1163 Artemidorus

380 1222 450 1283 in
495 1221 810 1285 enotanda
867 1221 1154 1286 locorum
1212 1216 1512 1287 distantia
1570 1223 1883 1286 rationem
1943 1219 2176 1285 habere
2239 1220 2481 1285 solebat
2531 1222 2822 1305 gentium

379 1361 576 1425 prope
616 1342 1060 1409 habitantium.
1074 1344 1099 1382 ³
1186 1343 1521 1409 Praeterea
1574 1347 1788 1408 autem
1840 1348 1971 1407 tota
2017 1362 2163 1407 orae
2207 1343 2546 1427 descriptio
2589 1344 2683 1407 ita
2725 1349 2823 1409 est

256 1465 262 1471 ’
381 1469 767 1547 comparata,
812 1468 889 1529 ut
932 1467 1260 1549 aptissima
1304 1467 1387 1531 sit
1429 1467 1501 1530 in
1543 1465 1813 1550 periplo:
1861 1463 2046 1530 Ratio
2091 1464 2365 1529 habetur
2409 1466 2696 1529 locorum
2739 1466 2822 1530 ad

381 1605 646 1650 ancoras
675 1586 981 1652 tenendas
1011 1592 1333 1680 aptorum,
1375 1587 1744 1671 adnotatur,
1792 1591 2112 1671 quatenus
2142 1588 2546 1671 navigiorum
2574 1588 2821 1670 patiens

382 1709 465 1771 sit
515 1728 720 1794 mare,
790 1708 901 1773 ubi
962 1710 1117 1777 sint.
1148 1710 1425 1794 insulae,
1487 1709 1678 1793 vada,
1739 1713 1985 1792 cauteS,
2044 1709 2180 1772 alia.
2270 1708 2484 1774 Etiam
2542 1728 2682 1773 eam
2741 1709 2820 1774 ob

381 1849 638 1894 causam
707 1830 894 1896 nobis
959 1832 1370 1916 cogitandum
1439 1838 1563 1915 est,
1634 1830 2037 1897 Artemidoro
2105 1835 2362 1895 auctore
2422 1851 2616 1895 usum
2685 1851 2822 1896 esse

383 1952 758 2018 Strabonem
773 2003 790 2037 ,
853 1953 1025 2038 quod
1070 1955 1174 2018 hic
1216 1955 1287 2017 in
1327 1973 1402 2019 ea
1447 1973 1611 2038 quae
1657 1955 1952 2037 sequitur
1995 1973 2141 2019 orae
2184 1959 2363 2038 parte
2408 1953 2823 2017 describenda

380 2074 730 2159 Ephesium
768 2079 1025 2140 secutus
1063 2076 1210 2140 est.4
1282 2076 1440 2141 Fere
1485 2080 1731 2140 certum
1776 2081 1992 2140 autem
2033 2080 2147 2159 est,
2190 2095 2326 2139 rem
2356 2076 2445 2139 ita
2475 2095 2543 2139 se
2572 2075 2822 2158 habere,

383 2196 555 2280 quod
583 2196 748 2259 infra
764 2198 788 2233 ⁵
833 2195 1066 2261 diserte
1093 2196 1441 2262 laudantur
1469 2197 1859 2262 Artemidori
1889 2197 2101 2261 verba.
2173 2196 2301 2260 Hic
2331 2195 2558 2262 Strabo
2588 2196 2823 2278 'Pyram

381 2339 420 2382 a
449 2316 838 2382 Chersoneso
852 2368 868 2401 ,
916 2339 1110 2401 quam
1155 2319 1233 2382 ab
1283 2321 1571 2383 omnium
1614 2319 1995 2383 testimoniis
2034 2318 2399 2408 discrepans
2428 2318 2820 2382 Milesiorum

381 2460 520 2505 esse
559 2440 873 2504 coloniam
915 2441 1301 2524 contendit,⁶
1346 2442 1520 2506 4400
1563 2441 1767 2505 stadia
1811 2440 2031 2505 abesse
2076 2440 2257 2521 dicit3
2305 2440 2519 2524 paullo
2566 2461 2822 2525 accura-

380 2564 510 2627 tius
552 2563 941 2645 Anonymus
965 2562 989 2602 ⁷
1032 2563 1260 2646 peripli
1304 2568 1526 2627 auctor
1568 2564 1743 2628 4420
1790 2567 2087 2627 numerat
2132 2561 2349 2626 stadia.
2426 2563 2662 2647 Varro,
2710 2565 2822 2647 qui

379 2686 448 2748 in
495 2684 854 2749 definienda
896 2686 1182 2750 locorum
1228 2685 1530 2750 distantia
1573 2706 1723 2750 cum
1768 2685 2173 2749 Artemidoro
2225 2686 2413 2770 plane
2472 2704 2822 2770 congruere

381 2807 697 2890 videtur,⁸
767 2807 937 2872 3960
999 2808 1201 2872 stadia
1259 2828 1397 2872 esse
1463 2807 1685 2891 tradit,
1751 2826 1914 2892 quae
1981 2806 2337 2871 differentia
2404 2808 2824 2892 quadraginta

382 2929 731 2994 stadiorum
770 2930 839 2992 in
883 2948 994 2993 ora
1035 2929 1146 2994 illa
1187 2951 1416 3014 parum
1461 2934 1613 2994 nota
1656 2934 1720 2994 et
1760 2928 2103 2993 admodum
2146 2928 2410 2993 discissa
2445 2930 2606 2993 nihil
2634 2931 2820 2996 valet.

381 3052 529 3116 Non
584 3052 755 3135 quod
812 3052 1139 3138 differunt,
1200 3028 1312 3117 sed
1370 3053 1541 3136 quod
1603 3056 1968 3135 congruunt
2026 3053 2197 3137 apud
2255 3051 2475 3118 ambos
2534 3056 2850 3117 auctores.

379 3175 632 3247 numeri
675 3145 1080 3239 memorabile
1126 3179 1237 3240 est.

560 3536 614 3603 1)
664 3535 854 3590 Strabo
890 3533 1026 3603 VII,
1062 3535 1125 3603 4,
1167 3534 1214 3589 1.
1252 3534 1301 3588 2.
1340 3534 1398 3589 O.
1436 3534 1555 3588 308.

559 3640 614 3708 2)
665 3640 732 3693 of.
772 3656 825 3707 p.
860 3639 932 3693 40
966 3639 1089 3694 adn.
1132 3639 1180 3692 1.
1268 3706 1273 3710 ⁸

560 3745 616 3811 3)
665 3742 855 3798 Strabo
891 3741 1024 3811 VII,
1062 3744 1120 3811 3,
1161 3743 1241 3797 19.
1283 3742 1340 3797 G.
1379 3742 1499 3796 308.

558 3848 615 3916 4)
667 3848 736 3902 cf.
770 3847 821 3901 J.
861 3846 918 3902 O.
955 3846 1272 3917 Neumann,
1310 3847 1587 3903 Strabon's
1612 3846 2010 3903 Laudeskunde
2044 3862 2152 3902 von
2179 3846 2489 3901 Kaukasien
2528 3846 2622 3914 Lp.
2665 3845 2815 3900 1883.

560 3954 617 4022 5)
667 3951 792 4006 VH.
825 3951 886 4020 4,
924 3950 973 4007 2.
1012 3952 1070 4007 O.
1107 3952 1227 4008 308.

560 4058 617 4125 6)
667 4057 735 4111 cf.
772 4055 1086 4126 Neumann‚
1126 4056 1215 4111 die
1251 4056 1519 4111 Hellenen
1553 4056 1633 4110 im
1668 4056 2071 4127 Scythenlande
2107 4074 2157 4125 p.
2196 4055 2317 4111 381.

561 4161 616 4226 7)
662 4161 764 4228 Ap.
801 4158 1031 4214 Mueller
1068 4161 1259 4230 Geogr.
1296 4161 1387 4215 Gr.
1421 4160 1553 4214 min.
1592 4159 1647 4229 Ι,
1684 4178 1741 4229 p.
1765 4160 1887 4216 418.

561 4263 617 4337 8)
670 4263 986 4341 Neumann,
1024 4264 1113 4326 die
1148 4263 1410 4324 Hellenen
1449 4265 1527 4322 im
1564 4264 1967 4340 Scythenlande
2003 4282 2055 4336 p.
2084 4262 2187 4321 385
2225 4265 2346 4325 adn.
