3234 4842
1335 224 1981 290 —23—.

390 436 537 480 eum
583 414 766 498 sequi
809 411 1134 496 probabile
1192 418 1288 478 est
1342 414 1411 476 in
1459 413 1890 478 describendis
1934 414 2391 493 RhoxolaniS‚¹
2439 432 2599 497 quos
2641 419 2826 497 putat

391 536 570 601 sedes
601 533 832 600 habere
879 536 1163 599 omnium
1208 538 1487 600 maxime
1532 537 1612 600 ad
1656 538 2151 620 septentrionem
2196 539 2571 620 spectantes.
2644 534 2825 600 Certe

391 660 544 724 satis
609 658 1010 722 incommode
1069 659 1345 722 narratio
1407 658 1503 723 de·
1531 658 1698 723 bello
1758 657 1836 722 ab
1895 658 2289 723 Rhoxolanis
2344 661 2524 743 gesto
2581 656 2826 722 conexa

391 784 490 845 est
545 799 691 845 cum
754 780 1301 859 antecedentibuS‚
1360 786 1552 863 atque
1598 780 1830 845 similia
1877 779 2084 844 infra²
2128 784 2469 858 narrantur
2516 798 2602 845 ex
2646 780 2825 845 Posi-

391 903 598 967 donio,
688 902 836 985 Ipse
879 901 1106 966 Strabo
1168 902 1346 967 addit
1367 902 1878 989 ‚descriptionem
1923 921 2245 966 armorum
2289 906 2354 966 et
2396 903 2637 985 victus,
2696 922 2823 987 quo

388 1025 459 1087 in
503 1043 656 1110 pace
700 1028 982 1089 utantur.

564 1146 968 1232 Paragrapho
1015 1148 1097 1211 18
1143 1147 1348 1230 qualis
1401 1146 1595 1211 fuerit
1646 1146 1804 1210 caeli
1862 1151 2094 1210 natura
2139 1147 2311 1211 inter
2355 1148 2824 1231 Borysthenem

390 1274 456 1333 et
499 1268 882 1334 Maeotidem
935 1287 1254 1353 exponere
1297 1270 1536 1353 incipit.
1630 1270 1957 1333 Meliorem
2009 1274 2268 1334 secutus
2312 1276 2480 1335 esset
2522 1270 2826 1353 ordinem,

388 1391 444 1454 si
483 1391 665 1474 prius
711 1391 1157 1476 topographice
1202 1389 1641 1475 descripsisset
1684 1391 1850 1455 hanc
1891 1392 2212 1475 regionem
2227 1402 2250 1472 3·
2294 1397 2434 1456 tum
2480 1393 2651 1457 enim
2693 1412 2826 1456 non

387 1517 646 1577 coactus
721 1519 889 1578 esset
961 1513 1180 1577 eadem
1250 1517 1534 1596 repetere
1605 1513 1675 1576 in
1747 1513 2140 1597 paragrapho
2215 1514 2607 1598 insequenti,
2697 1534 2825 1598 qua

388 1635 724 1719 descriptio
784 1636 939 1700 satis
997 1640 1291 1699 accurata
1360 1634 1546 1699 nobis
1588 1636 1982 1719 proponitur.
2074 1634 2434 1700 Verisimile
2477 1640 2616 1726 est,
2676 1654 2825 1701 eum

389 1777 492 1841 ea,
552 1776 715 1841 quae
771 1760 1193 1841 exponuntur
1237 1758 1307 1820 in
1355 1759 1393 1839 ξ
1442 1758 1524 1821 18
1586 1758 1677 1822 810
1731 1776 1976 1822 conexa
2017 1759 2343 1823 invenisse
2383 1777 2533 1823 cum
2577 1763 2824 1824 antece-

390 1879 704 1944 dentibus,
781 1880 920 1943 Iam
950 1880 1086 1943 loco
1135 1880 1458 1964 superiore
1475 1878 1500 1918 3
1546 1879 1625 1943 (10
1670 1879 1842 1943 caelo
1888 1880 2082 1944 11111118
2126 1881 2403 1965 regionis
2448 1880 2821 1966 disputavit3

387 2008 603 2066 narrat
631 2002 721 2066 ibi
764 2003 936 2067 idem
976 2003 1054 2066 de
1083 2003 1464 2087 imperatore
1494 2002 1927 2086 Mithradatis,
1975 2021 2165 2086 quem
2207 2003 2311 2066 hic
2336 2002 2825 2089 Neoptolemum

387 2124 687 2209 appellat,
747 2129 940 2209 atque
985 2125 1088 2189 hic
1134 2126 1326 2189 etiam
1369 2125 1521 2189 vitis
1564 2124 1643 2188 fit
1678 2125 1968 2189 mentio-4
2059 2122 2243 2201 Quod
2287 2124 2564 2210 denique
2609 2131 2828 2190 narrat

387 2248 465 2311 de
510 2247 758 2329 hydriis
786 2248 938 2332 gelu
983 2247 1256 2332 diruptis
1300 2248 1433 2311 illic
1461 2247 1950 2312 Eratosthenem
1991 2247 2347 2312 tradentem
2374 2247 2587 2332 facit,⁶
2631 2253 2825 2333 atque

387 2371 646 2464 omnino
694 2389 794 2454 ea,
843 2389 1007 2454 quae
1052 2370 1131 2434 de
1174 2374 1406 2434 natura
1450 2370 1606 2434 caeli
1651 2369 1825 2435 illius
1869 2371 2148 2453 regionis
2193 2371 2481 2455 exponit,
2541 2389 2625 2435 ex
2668 2370 2824 2435 Era·
2907 2356 2912 2365 ’

302 2496 309 2503 ’
387 2492 679 2556 1081110110
736 2493 1038 2576 petivisse
1093 2493 1365 2557 videtur.
1454 2492 1600 2577 Ipse
1647 2492 1871 2558 Strabo
1916 2493 2228 2557 nonnulla
2272 2493 2565 2577 adiungit
2610 2492 2823 2576 verba,

390 2633 553 2697 quae
598 2613 717 2677 hoc
759 2615 895 2678 loco
942 2616 1199 2679 omnino
1244 2620 1393 2699 apta
1437 2634 1570 2679 non
1626 2634 1763 2680 esse
1808 2615 2257 2699 unusquisque
2303 2616 2525 2679 sentit:
2571 2605 2827 2691 Ἀτέας

388 2730 460 2798 δὲ
506 2734 685 2799 δοκεῖ
724 2757 779 2798 κ.
824 2758 880 2800 τ.
925 2734 979 2800 λ.

564 2857 642 2921 111
686 2857 1108 2945 sequentibus
1139 2856 1365 2922 Strabo
1410 2858 1577 2923 redit
1623 2859 1702 2923 ad
1742 2877 1844 2943 ea,
1893 2878 2056 2943 quae
2099 2860 2281 2924 initio
2312 2860 2691 2944 paragraphi
2739 2860 2819 2923 17

387 2981 691 3063 exposuit
749 2985 944 3066 atque
989 3000 1164 3044 oram
1216 2982 1665 3066 topographice
1710 2981 2061 3047 describere
2105 2983 2329 3067 pergit.
2423 2981 2662 3045 Mirum
2707 2986 2821 3065 est,

390 3102 564 3184 quod
617 3103 782 3167 hanc
841 3109 1088 3187 partem
1141 3104 1615 3168 accuratissime
1676 3102 2002 3187 describit,
2065 3124 2214 3168 cum
2273 3124 2439 3186 eam,
2506 3123 2670 3188 quae
2727 3109 2823 3167 est

387 3224 556 3287 inter
582 3223 823 3290 Istrum
868 3230 933 3290 et
960 3225 1428 3309 Borysthenem
1457 3247 1687 3312 parum
1728 3232 2021 3292 accurate
2067 3226 2144 3291 ab
2189 3246 2262 3291 eo
2307 3231 2639 3296 tractatam
2684 3244 2821 3290 esse

389 3343 757 3410 viderimus.
845 3346 951 3410 Ex
1012 3348 1362 3414 stadiorum
1419 3351 1707 3416 numeris
1765 3349 2133 3434 frequenter
2188 3348 2396 3413 allatis
2454 3353 2519 3412 et
2563 3366 2647 3412 ex
2691 3351 2822 3412 tota

564 3678 616 3746 1)
665 3679 732 3732 cf.
768 3679 1148 3750 Dittenberger
1186 3679 1308 3749 syll.
1347 3679 1509 3736 inscr.
1550 3681 1735 3736 Graec.
1775 3682 1828 3751 I,
1865 3699 1915 3751 p.
1954 3682 2083 3749 373,
2123 3681 2207 3737 15.

559 3783 614 3850 2)
664 3782 854 3838 Strabo
893 3783 1025 3852 VII,
1064 3784 1116 3852 4,
1154 3784 1203 3837 3.
1233 3783 1289 3839 C.
1326 3783 1448 3839 309.

559 3888 614 3954 3)
660 3886 743 3956 11,
782 3888 840 3958 1,
879 3888 961 3945 16.
990 3888 1046 3944 C.
1086 3889 1169 3942 73.

561 3991 617 4060 4)
663 3991 945 4047 Eiusmodi
996 3991 1401 4049 observationes
1451 3993 1519 4048 ad
1564 3993 1875 4063 plantarum
1920 3996 1975 4048 et
2011 3993 2329 4050 animalium
2367 3996 2615 4049 naturam
2652 3993 2817 4062 perti-

385 4098 577 4150 nentes
626 4112 787 4166 saepe
840 4097 1153 4153 invenimus
1207 4098 1351 4167 apud
1401 4098 1670 4168 antiquos.
1745 4100 1811 4153 cf.
1849 4097 2075 4168 Bel-ger,
2137 4098 2225 4154 die
2271 4116 2449 4169 geogr.
2497 4100 2685 4168 fragm.
2722 4098 2817 4152 des
2914 4108 2921 4118 ·

385 4199 769 4255 Eratosthenes
804 4219 856 4270 p.
884 4201 1001 4256 184.

561 4307 617 4373 5)
668 4304 896 4377 Berger,
932 4307 1077 4362 Erat.
1117 4325 1168 4377 p.
1199 4306 1299 4363 183
1335 4308 1401 4364 fr.
1436 4306 1517 4361 III
1559 4310 1608 4362 A
1646 4309 1728 4362 13.
1803 4307 1992 4364 Strabo
2029 4307 2101 4380 11,
2139 4307 2198 4381 2,
2237 4309 2319 4367 16.
2350 4307 2407 4366 C.
2447 4306 2531 4363 74.
