3234 4842
1360 190 1858 251 -8—

398 381 743 445 verborum
782 381 990 464 specie
1040 382 1194 445 satis
1233 380 1399 445 clare
1439 380 1851 464 discernitur,
1887 399 2117 463 nempe
2146 370 2342 444 verba
2385 378 2558 444 δοκῶ
2601 375 2674 442 δὲ·
2718 376 2830 443 καὶ

402 502 552 580 τοὺς
595 501 1103 588 Μαριανδινούς.
1196 502 1381 580 Quod
1424 505 1515 568 ita
1558 523 1628 568 se
1687 502 1919 568 habere
1976 502 2391 567 confirmatur
2433 507 2830 586 argumente,

405 631 479 690 ut
521 626 613 690 ita
657 625 862 689 dicam
905 625 1238 690 intestino:
1286 625 1367 689 In
1410 625 1571 689 libro
1615 624 1805 691 XII.¹
1852 626 2124 708 scriptor
2166 625 2302 709 ipse
2348 643 2416 689 se
2455 624 2533 689 de
2566 625 2828 709 origine,

407 749 691 831 natione,
753 767 1043 813 sermone
1102 748 1297 812 huius
1352 749 1564 833 gentis
1612 749 1684 812 111
1737 747 2021 812 fontibus
2068 747 2231 811 nihil
2273 747 2597 812 invenisse
2642 746 2828 828 dicit3

409 871 560 934 hinc
611 869 795 934 facile
867 869 1256 953 explicatur,
1323 868 1495 953 quod
1562 870 1701 954 ipse
1768 869 2062 952 conicit,²
2125 870 2317 933 etiam
2372 868 2831 951 Mariandynos

403 1012 541 1058 esse
583 991 870 1057 Thraces

578 1113 840 1178 Praeter
890 1114 1047 1177 haec
1106 1113 1301 1178 verba
1368 1118 1433 1178 et
1490 1113 1994 1178 additamentum
2064 1114 2238 1177 illud*
2297 1133 2381 1179 ex
2441 1112 2830 1197 Apollodoro

342 1272 347 1277 ·
405 1237 680 1322 petitum
725 1241 921 1300 totam
965 1236 1432 1320 paragraphum
1476 1235 1807 1301 Posidonii
1853 1254 2017 1319 esse,
2077 1254 2267 1319 quem
2326 1237 2462 1320 ipse
2499 1235 2718 1300 laudat
2761 1237 2832 1299 in

408 1359 619 1424 media
672 1358 1096 1444 paragraphO,
1151 1357 1562 1422 statuendum
1613 1357 1798 1422 nobis
1853 1363 1967 1422 est.
1987 1359 2012 1397 ⁸
2118 1357 2309 1422 Unus
2359 1362 2573 1423 tamen
2634 1362 2833 1422 restat

403 1482 584 1546 locus
600 1531 617 1561 ‚
663 1482 847 1545 cuius
892 1480 970 1545 de
1014 1484 1271 1545 auctore
1327 1479 1640 1544 dubitatio
1685 1481 1926 1545 moveri
1970 1481 2198 1565 possit:
2255 1480 2459 1544 facere
2504 1480 2674 1544 enim
2718 1481 2832 1542 vix

408 1622 776 1688 possumuS,
821 1603 1006 1686 quin,
1049 1602 1333 1686 legentes
1385 1600 1546 1665 illud
1600 1609 1707 1663 νῦν
1723 1601 1752 1641 4
1805 1602 1875 1666 in
1928 1603 2257 1666 enuntiato
2314 1606 2633 1686 postremo
2683 1620 2832 1664 con-

408 1727 678 1790 iciamus
733 1726 937 1810 primo
950 1774 967 1809 ,
1027 1725 1183 1789 haec
1237 1723 1433 1788 verba
1495 1725 1635 1808 ipsa
1695 1729 1953 1809 quoque
2022 1724 2100 1788 ab
2159 1725 2297 1808 ipso
2355 1723 2632 1808 profecta
2680 1695 2833 1788 ⁸esse

413 1847 738 1913 Strabone.
834 1845 1008 1923 Quae
1066 1847 1432 1911 coniectura
1491 1846 1957 1929 quodammodo
2020 1865 2095 1910 eo
2137 1845 2593 1929 confirmatur,
2661 1845 2830 1928 quod

411 1958 676 2052 scimuS,
720 1967 1094 2035 Strabonem
1148 1969 1404 2033 illarum
1455 1970 1790 2053 regionum
1839 1969 2134 2034 notitiam
2183 1966 2420 2033 'habere
2465 1988 2596 2032 non
2643 1968 2830 2032 modo

411 2112 494 2157 ex
538 2091 909 2173 Posidonio,
963 2111 1191 2156 verum
1234 2092 1423 2155 etiam
1469 2110 1554 2155 ex
1599 2111 1719 2155 sua
1745 2091 1949 2175 ipsius
1976 2090 2508 2176 percontatione.⁵
2593 2090 2825 2154 Tamen

411 2216 843 2280 coniecturam
904 2220 1188 2279 nostram
1246 2232 1459 2278 veram
1511 2233 1644 2277 non
1705 2232 1843 2279 esse
1893 2219 2084 2297 atque
2138 2213 2294 2278 haec
2340 2234 2595 2298 quoque
2639 2214 2835 2279 verba

411 2337 754 2402 Posidonio
822 2336 1165 2400 tribuenda
1227 2355 1365 2400 esse
1427 2335 1785 2420 apparebit,
1851 2337 1906 2401 si
1976 2322 2555 2420 comparaverimus
2620 2338 2833 2401 locum

417 2460 735 2545 quendam
777 2459 1144 2524 Posidonii⁶
1186 2459 1257 2521 in
1301 2458 1464 2522 libro
1510 2460 1780 2543 septimo
1826 2479 1864 2522 a
1908 2458 2222 2524 Strabone
2267 2459 2547 2523 allatum.
2641 2458 2833 2523 Utro-

418 2602 543 2666 que
593 2583 765 2647 enim
823 2581 961 2645 loco
1014 2600 1149 2645 non
1206 2581 1392 2645 modo
1450 2581 1707 2646 eaedem
1757 2586 2009 2665 genteS,
2070 2579 2246 2663 Boii,
2292 2579 2630 2663 Scordisci,
2674 2580 2832 2645 Teu-

411 2704 560 2768 risci
607 2703 830 2768 eodem
875 2701 1097 2766 ordine
1142 2707 1628 2785 enumerantur,
1692 2703 1804 2766 sed
1863 2702 2282 2787 congruentia
2340 2705 2518 2766 tanta
2576 2707 2695 2785 est,
2756 2707 2833 2767 ut

410 2830 475 2889 et
518 2826 622 2889 hic
661 2830 725 2889 et
752 2825 884 2888 illic
914 2823 1205 2908 addatur,
1252 2825 1519 2889 alterum
1549 2824 1996 2889 Tauriscorum
2033 2844 2268 2889 nomen
2298 2828 2575 2908 exstare,
2605 2844 2832 2908 nempe

400 2948 855 3012 Tauristarum.

575 3069 713 3133 Iam
771 3068 852 3132 ad
910 3088 1058 3134 eum
1123 3069 1313 3132 finem
1390 3069 1830 3151 pervenimuS,
1892 3073 1969 3133 ut
2032 3068 2346 3150 dicamus,
2419 3068 2584 3132 hanc
2649 3088 2829 3151 para-

399 3194 715 3279 graphum
773 3214 810 3256 a
873 3192 1184 3257 Strabone
1238 3192 1501 3276 petitam
1571 3210 1709 3255 esse
1769 3209 1853 3255 ex
1918 3190 2292 3275 Posidonio,
2355 3211 2553 3256 unam
2616 3196 2823 3254 tamen

576 3470 629 3538 1)
677 3468 820 3537 XII,
878 3468 934 3537 3,
988 3467 1038 3521 4.
1079 3467 1134 3522 C.
1172 3466 1277 3520 542
1331 3468 1475 3526 τίνες
1526 3465 1586 3518 δὲ
1633 3467 1726 3517 καὶ
1774 3465 1957 3520 πόθεν
1986 3465 2190 3538 ,οὐδενὶ
2234 3468 2470 3539 εἴρηται,
2529 3464 2657 3516 οὐδὲ
2703 3462 2854 3547 διά-ὑ

399 3577 598 3634 λεκτος.
2663 3642 2669 3648 ·

576 3678 632 3745 2)
680 3678 822 3743 ΧΠ,
861 3677 917 3745 3,
954 3676 1004 3731 4.
1032 3676 1089 3730 C.
1125 3674 1229 3730 542
1279 3675 1457 3728 ἔοικεν
1502 3671 1604 3727 οὖν
1635 3675 1729 3726 καὶ
1765 3683 1930 3727 τοῦτο
1971 3674 2215 3743 Θρᾷκιον
2255 3674 2494 3743 ὑπάρξαι
2531 3673 2594 3724 τὸ
2631 3675 2823 3740 φῦλον.

574 3784 627 3850 3)
681 3782 749 3837 cf.
803 3781 1034 3836 Mueller
1080 3781 1267 3850 fragm.
1305 3779 1432 3834 hist.
1479 3780 1665 3835 Graec.
1704 3778 1817 3844 111,
1866 3796 1916 3849 p.
1959 3778 2065 3834 290
2089 3796 2133 3835 s,
2207 3779 2272 3833 cf.
2321 3776 2487 3832 etiam
2523 3776 2694 3832 Strab.
2732 3779 2765 3844 ἓ
2788 3777 2825 3828 4

398 3891 455 3941 et
500 3891 530 3958 ξ
568 3889 617 3942 7.

573 3992 628 4059 4)
687 3990 754 4045 of.
791 3989 1032 4045 Strabon.
1065 3989 1198 4058 VH,
1237 3991 1295 4056 3,
1335 3989 1418 4042 11.
1450 3989 1506 4044 C.
1548 3989 1651 4043 303
1701 3998 1802 4043 νῦν
1843 3988 1938 4044 1110
1985 3991 2195 4060 spectat
2233 3989 2302 4043 ad
2337 3986 2512 4057 ipsius
2547 3983 2823 4041 Strabonis

394 4082 642 4137 aetatem.

573 4187 628 4251 5)
678 4184 868 4238 Strabo
904 4182 1035 4251 VII,
1073 4184 1131 4251 3,
1170 4183 1220 4237 4.
1249 4183 1305 4239 C.
1345 4183 1446 4237 297
1499 4185 1635 4236 extr.
1675 4185 1731 4236 et
1762 4182 1994 4252 saepius,

572 4292 628 4359 6)
674 4287 996 4345 Posidonius
1032 4304 1116 4359 ap.
1153 4287 1325 4345 Strab.
1364 4288 1500 4358 VH,
1542 4287 1592 4358 2,
1632 4288 1680 4342 2.
1718 4287 1774 4345 C.
1814 4286 1932 4344 293.
