3234 4842
1322 226 1864 286 *15*

539 414 681 481 Hos
712 421 924 481 autem
956 417 1130 481 viros
1167 416 1459 482 floruisse
1498 422 1668 501 tum,
1705 437 1851 480 cum
1881 415 2119 481 Romae
2152 417 2329 482 Sulla
2357 424 2493 482 erat
2523 419 2812 503 dictator,

368 522 560 602 tradit
588 538 631 602 J
633 539 962 623 ordanes,1
1010 540 1123 623 qui
1169 539 1420 604 duobus
1462 541 1620 604 locis
1662 540 1779 603 hac
1825 540 1903 604 de
1945 558 2014 603 re
2061 546 2363 625 provocat
2402 542 2481 604 ad
2528 543 2807 605 testimo·
2909 624 2920 637 '

364 662 546 724 nium
602 657 828 725 Dionis
885 660 1372 742 chrysostomi.2
1461 661 1564 726 Ab
1628 663 1747 725 hoc
1807 663 2072 745 igitur,3
2138 681 2328 745 quem
2384 664 2497 727 has
2559 683 2662 727 res
2724 683 2807 726 ex

368 781 675 847 Getarum
736 783 1095 846 narratione
1152 784 1409 847 novisse
1446 782 1786 876 ,probabile
1850 788 1973 866 est,
2042 783 2220 847 Sulla
2283 789 2809 849 commemoratus

368 909 518 968 erat.
607 903 934 968 Nonnulla
994 905 1072 969 de
1129 882 1384 969 florenti
1443 906 1627 989 regni
1684 903 2003 969 Dacorum
2064 910 2238 969 statu
2295 911 2359 970 et
2413 906 2493 970 de
2548 908 2806 991 expedi-

368 1024 646 1089 tionibus
710 1028 965 1109 eor‘um,
1048 1047 1208 1109 quas
1269 1025 1700 1110 suscipiebant
1766 1026 1845 1089 ad
1902 1026 2064 1091 fines
2130 1017 2538 1111 proferendos
2601 1034 2665 1092 et
2731 1029 2809 1092 de

368 1152 678 1231 tempore,
729 1167 856 1231 quo
902 1149 1055 1211 haec
1099 1153 1238 1212 acta
1284 1150 1446 1231 sint,
1494 1149 1915 1232 comperimus
1960 1167 2045 1212 ex
2087 1149 2551 1230 Borysthenica
2580 1149 2809 1213 Dionis

368 1262 689 1333 orationes
740 1269 846 1333 Ex
890 1270 1039 1353 hac,
1087 1290 1279 1354 quam
1324 1271 1492 1334 intra
1533 1289 1735 1333 annos
1786 1256 1873 1333 90'
1915 1275 1978 1333 et
2021 1271 2101 1333 96
2149 1270 2428 1335 habitam
2475 1290 2612 1335 esse
2657 1291 2807 1335 con-

368 1390 560 1474 stat,4
616 1391 993 1455 concludere
1029 1390 1214 1455 nobis
1258 1392 1439 1475 licet,
1495 1393 1948 1476 expeditiones
1995 1391 2138 1456 illas
2181 1392 2376 1457 factas
2423 1412 2560 1457 esse
2605 1399 2809 1458 aetate

367 1511 673 1577 Caesaris.
756 1511 922 1589 Quis
979 1513 1175 1578 fuerit
1220 1514 1356 1577 dux
1405 1513 1728 1578 Dacorum
1771 1516 1841 1577 in
1884 1514 1983 1577 his
2031 1514 2577 1599 expeditionibus,
2638 1535 2807 1579 com-

364 1635 649 1717 perimus
679 1653 762 1698 ex
789 1634 1001 1700 verbis
1032 1635 1390 1719 StraboniS,
1429 1655 1659 1719 nempe
1689 1634 2087 1719 Boerebista,
2134 1639 2247 1720 qui
2278 1642 2807 1701 commemoratur

366 1755 435 1817 in
495 1758 794 1821 extremis
861 1758 898 1839 ἓ
952 1759 989 1820 5
1055 1756 1284 1821 verbis.
1398 1757 1633 1820 Contra
1694 1776 1843 1822 eum
1909 1778 1947 1821 a
2012 1757 2274 1822 Caesare
2339 1759 2806 1843 expeditionem

366 1883 728 1961 apparatam
788 1898 925 1949 esse
991 1880 1288 1943 certiores
1360 1898 1478 1943 nos
1535 1879 1686 1942 facit
1745 1877 1988 1943 Strabo.
2093 1880 2424 1964 Regnante
2489 1883 2627 1944 viro
2694 1882 2805 1944 illo

366 2004 627 2064 strenuo
681 2001 945 2085 eiusque
1001 1974 1391 2085 consiliariO,
1454 2000 1810 2086 DecaeneO,
1870 2002 2225 2066 timendum
2284 2009 2442 2087 erat,
2509 2023 2591 2068 ne
2650 2003 2807 2067 Daci

365 2119 799 2186 Romanorum
865 2123 1132 2206 imperio
1200 2123 1506 2187 damnum
1574 2124 1885 2187 afferrent.
2005 2124 2164 2188 Inde
2235 2145 2273 2188 a
2334 2125 2542 2188 Ponto
2607 2145 2807 2209 paene

360 2263 574 2328 ,usque
640 2245 721 2309 ad
785 2265 959 2309 mare
1016 2245 1420 2310 Adriaticum
1483 2245 1646 2309 fines
1714 2265 1938 2310 eorum
2001 2244 2321 2311 Romanos
2386 2246 2808 2332 attingebant,

367 2371 559 2451 atque
620 2370 938 2432 exercitus
986 2367 1392 2432 Boerebistae
1453 2367 1878 2433 ducentorum
1930 2369 2181 2433 milium
2227 2376 2617 2434 armatorum
2658 2370 2801 2434 fuit.

369 2487 627 2573 Caesar,
689 2509 837 2554 cum
895 2490 1054 2554 bene
1110 2491 1516 2574 intelligeret,
1580 2496 1895 2574 quantum
1942 2489 2020 2554 ab
2066 2492 2184 2555 hac
2226 2497 2406 2575 parte
2445 2492 2803 2575 periculum

367 2608 672 2675 Romanis
731 2596 1117 2697 immineret,
1179 2632 1310 2676 non
1366 2613 1568 2677 multo
1628 2618 1774 2676 ante
1828 2618 2097 2678 mortem
2146 2615 2485 2679 consilium
2538 2619 2807 2699 ceperat,

543 3007 597 3076 1)
664 3006 700 3062 J
700 3006 927 3063 ordanes
979 3006 1046 3061 de
1098 3006 1308 3078 origine
1364 3006 1685 3077 actibusque
1742 3008 2004 3063 Getarum
2056 3007 2114 3062 C.
2168 3008 2229 3060 11
2287 3002 2510 3062 dehinc*
2538 3010 2796 3078 regnante

368 3110 559 3167 Gothis
594 3110 856 3168 Burvista
890 3112 1165 3168 Diceneus
1202 3112 1356 3169 venit
1391 3112 1450 3166 in
1488 3112 1764 3183 Gothiam,
1814 3128 1920 3182 quo
1970 3113 2212 3182 tempore
2237 3090 2616 3169 ¹Romanorum
2651 3112 2805 3183 Sylla

367 3215 572 3285 potitus
609 3220 694 3271 est
728 3216 1056 3287 principatu.

545 3337 600 3404 2)
650 3335 914 3394 Jordanes
954 3337 1013 3392 C.
1040 3339 1090 3393 5.
1129 3339 1179 3393 9.

544 3459 598 3525 3)
648 3459 714 3512 cf.
753 3459 982 3526 Teuffel,
1031 3459 1223 3514 Gesch.
1262 3460 1358 3513 der
1407 3463 1538 3514 rom.
1578 3460 1681 3515 Lit.
1746 3459 1842 3515 IV.
1891 3459 2031 3515 Aufl.
2106 3459 2234 3529 Lpz.
2296 3459 2445 3513 1882.
2520 3458 2705 3528 §4822
2742 3460 2799 3514 3:

369 3561 470 3616 Die
508 3562 785 3632 gelehiten
823 3563 998 3617 Citate
1035 3563 1123 3617 bei
1166 3563 1436 3618 Jordanus
1488 3565 1663 3634 gehen
1711 3565 1807 3618 auf
1842 3564 2126 3619 Cassiodor
2173 3565 2302 3619 oder
2344 3565 2537 3617 dessen
2577 3563 2804 3629 Quellen

370 3667 592 3721 zuriick.
667 3666 736 3721 So
776 3668 864 3720 die
901 3667 1246 3736 Erwiihnung
1285 3669 1380 3721 des
1418 3667 1636 3737 StrabO,
1673 3670 1970 3737 Josephus,
2020 3670 2114 3722 der
2147 3668 2343 3722 beiden
2379 3667 2510 3737 Dio,
2559 3668 2801 3721 namlich

368 3774 464 3827 des
504 3772 724 3828 Cassius
760 3772 873 3826 und
913 3773 1009 3826 des
1049 3773 1493 3841 ChrysostomuS,
1543 3775 1752 3828 welche
1791 3774 2077 3828 Cassiodor
2111 3775 2199 3827 fiir
2233 3773 2507 3827 identisch
2541 3773 2694 3828 hielt.
2735 3803 2802 3812 ——

368 3879 432 3933 cf.
472 3878 530 3933 C.
567 3877 847 3946 Schirmn,
869 3944 878 3954 ⁵
904 3877 986 3931 De
1011 3877 1221 3931 ratione
1259 3894 1397 3947 quae
1435 3878 1576 3932 inter
1610 3879 1902 3933 Jordanem
1951 3881 2007 3932 et
2043 3878 2443 3933 Cassiodorium
2487 3878 2799 3934 intercedat.

369 3981 705 4051 (Fleckeisen
744 3982 793 4036 J.
836 3981 1002 4051 1862,
1039 3980 1141 4036 Bd.
1178 3981 1289 4049 85).

541 4106 599 4172 4)
653 4103 840 4173 Zippel
876 4104 914 4157 l.
943 4122 987 4158 c.
1029 4121 1082 4173 p.
1111 4103 1240 4173 219;
1292 4104 1619 4175 Hertzberg,
1676 4105 2002 4160 Geschichte
2041 4105 2465 4159 Griechenlands
2498 4107 2658 4158 unter
2695 4106 2798 4158 den

369 4207 604 4262 Romern
639 4208 696 4277 2,
735 4226 785 4278 p.
819 4208 917 4261 187
942 4225 985 4263 s.

545 4331 600 4397 5)
649 4329 838 4385 Strabo
876 4329 1007 4400 vn,
1048 4331 1109 4399 3,
1149 4330 1232 4385 13.
1260 4329 1317 4384 c.
1351 4329 1471 4385 305.
