3234 4842
1354 215 1893 276 -27—

437 456 442 461 -
576 410 717 474 Etsi
761 408 1015 493 singula
1059 407 1295 493 optime
1341 404 1641 470 describit
1670 405 1920 489 Strabo,
1964 411 2176 471 tamen
2219 428 2411 492 quam
2441 409 2839 474 incommode

404 533 843 616 descriptionis
887 535 1101 615 partes
1160 530 1289 594 sint
1343 547 1624 593 conexae
1669 529 1772 592 hic
1813 530 2091 594 maxime
2138 534 2413 613 apparet.
2504 530 2666 594 Eam
2710 551 2840 596 non

403 655 483 719 ad
540 655 755 739 ipsum
814 652 1191 719 Strabonem
1249 650 1679 734 referendam,
1746 650 1858 715 sed
1916 652 2181 735 petitam
2244 670 2384 717 esse
2450 672 2534 717 ex
2598 654 2838 739 periplo

402 777 586 841 aliter
646 775 948 840 adornato
1009 775 1201 840 etiam
1255 774 1377 838 1100
1434 772 1616 837 docet
1670 777 2149 857 argumentum:
2216 773 2569 859 Postquam
2626 776 2842 841 sinum

406 899 814 982 Carcinitem,
879 898 990 981 qui
1050 918 1089 962 a
1144 897 1573 979 septentrione
1633 895 1715 959 ad
1771 896 2101 961 meridiem
2161 915 2386 962 versus
2444 898 2842 984 porrigitur,1

406 1022 767 1105 descripsit,
852 1020 1160 1104 relinquit
1227 1019 1713 1103 descriptionem
1781 1037 1927 1083 orae
1994 1019 2398 1085 occidentalis
2464 1018 2841 1087 Chersonesi

404 1143 703 1207 Tauricae
746 1147 939 1225 atque
982 1146 1122 1206 tum
1166 1141 1424 1205 demum
1468 1139 1548 1204 ad
1592 1159 1733 1204 eam
1776 1140 1967 1224 redit,
2012 1146 2353 1225 postquam
2392 1142 2635 1207 mentio
2674 1141 2841 1207 facta

404 1270 501 1330 est
542 1263 720 1329 urbis
767 1262 1160 1328 Chersonesi.
1250 1263 1613 1347 Interponit
1671 1263 1823 1327 satis
1866 1261 2097 1327 bonam
2145 1262 2438 1347 „paludis
2481 1263 2775 1347 putridae
2786 1265 2839 1350 “,

405 1406 568 1472 quae
626 1392 925 1470 vocatur,
994 1386 1509 1471 descriptionem,
1579 1405 1744 1470 quae
1800 1390 2013 1450 tamen
2070 1404 2282 1470 neque
2319 1390 2485 1450 'cum
2542 1387 2624 1451 118
2679 1408 2842 1472 quae
2900 1453 2908 1464 ,

403 1508 788 1574 antecedunt
842 1527 1055 1593 neque
1110 1528 1260 1573 cum
1316 1507 1733 1592 sequentibus
1784 1508 1982 1573 ullam
2040 1506 2232 1574 habet
2287 1509 2842 1578 necessitudinem.

401 1632 662 1696 Invenit
721 1651 860 1695 eam
923 1630 1061 1696 sine
1118 1628 1314 1695 dubio
1373 1631 1495 1695 alio
1552 1630 1693 1695 loco
1748 1630 1919 1715 apud
1977 1631 2454 1696 Artemidorum
2470 1682 2487 1716 ,
2550 1651 2743 1716 quem
2803 1654 2842 1696 a

405 1755 836 1840 septentrione
889 1753 970 1818 ad
1024 1753 1353 1818 meridiem
1404 1753 1700 1838 progredi
1743 1760 1972 1818 notum
2027 1758 2151 1838 est,
2211 1759 2406 1837 atque
2450 1754 2556 1818 1110
2595 1755 2839 1841 inserit,

404 1876 519 1941 ubi
561 1877 630 1939 in
676 1875 1087 1941 describendo
1131 1876 1423 1959 pervenit
1480 1874 1561 1938 ad
1616 1879 1963 1960 angustum
2018 1874 2270 1960 paludis
2320 1876 2646 1940 isthmum.
2737 1877 2841 1943 Sic

403 1997 643 2062 factum
705 2004 834 2081 est,
906 2004 980 2062 ut
1046 1996 1442 2062 describendi
1504 2002 1687 2061 tenor
1752 1998 2354 2083 interrumperetur,
2429 2002 2623 2082 atque
2686 1999 2841 2063 satis

407 2120 802 2184 incommode
857 2121 1128 2203 scriptor
1178 2119 1258 2183 ad
1299 2119 1691 2184 Artemidori
1746 2120 2210 2203 expositionem
2253 2120 2448 2204 redit,
2504 2120 2620 2185 ubi
2665 2141 2840 2185 oram

409 2241 860 2307 occidentalem
909 2240 1263 2306 describere
1305 2260 1565 2327 pergere
1610 2242 1780 2306 vult:
1829 2241 1944 2325 „Si
1989 2242 2348 2325 evehimur,
2394 2242 2475 2306 ad
2516 2244 2840 2307 sinistram

402 2366 598 2429 situm
644 2370 740 2428 est
783 2383 1055 2448 parvum
1102 2363 1406 2447 oppidum
1450 2369 1514 2428 et
1553 2364 1718 2428 alius
1765 2362 2356 2430 Chersonesitarum
2398 2365 2676 2449 portus.“
2760 2366 2843 2430 In

404 2485 614 2550 verbis
665 2485 1188 2565 antecedentibus
1240 2505 1446 2549 sermo
1496 2490 1631 2549 erat
1687 2486 1765 2550 de
1817 2486 2049 2569 palude
2103 2483 2385 2572 putrida,
2439 2487 2543 2550 hic
2593 2488 2842 2552 intelle-

401 2607 683 2692 gendum
741 2614 869 2672 est:
938 2657 973 2692 „
989 2607 1058 2672 Si
1112 2608 1443 2673 evehimur
1497 2627 1533 2672 e
1593 2606 1907 2672 Carcinite
1971 2609 2121 2672 etc.“
2220 2608 2461 2673 Clarior
2512 2610 2723 2675 denuo
2767 2610 2842 2676 fit

405 2730 603 2794 oratio
650 2730 972 2794 mentione
1010 2729 1175 2793 sacta
1217 2728 1594 2794 Chersonesi
1622 2729 2110 2796 Heracleoticae.
2180 2728 2465 2816 Excepto
2510 2733 2841 2796 enuntiato

401 2857 754 2936 postrem0,
816 2851 989 2936 quod
1041 2852 1219 2916 addit
1275 2852 1412 2934 ipse
1456 2849 1714 2935 StrabO,
1772 2855 1905 2916 tota
1958 2853 2395 2938 paragraphus
2440 2856 2480 2918 2
2527 2854 2606 2918 ab
2649 2856 2840 2919 Arte-

402 2975 648 3038 midoro
690 2975 893 3058 petita
932 2975 1081 3039 est²
1162 2973 1388 3037 Altera
1430 2973 1835 3056 insequentis
1874 2974 2255 3059 paragraphi
2296 2995 2445 3059 pars
2462 2976 2489 3015 ³
2533 2995 2617 3040 ex
2661 2976 2843 3042 Posi-

405 3095 592 3159 donio
641 3096 870 3160 hausta
912 3099 1036 3179 est,
1095 3096 1167 3159 in
1211 3095 1407 3160 altera
1464 3094 1631 3160 redit
1682 3095 1763 3159 ad
1807 3095 2313 3183 Artemidorum,
2372 3116 2671 3183 pergens,
2729 3099 2841 3164 ubi

406 3237 550 3281 eum
610 3221 886 3283 exeunte
939 3218 1334 3303 paragrapho
1394 3219 1719 3302 superiore
1776 3218 2037 3303 reliquit
2101 3218 2162 3282 h.
2205 3238 2256 3284 e.
2316 3219 2430 3284 ubi
2485 3222 2725 3286 mentio
2768 3222 2844 3288 fit

407 3337 586 3403 urbis
631 3338 981 3404 CtenuntiS.
1070 3338 1228 3404 Post
1271 3339 1400 3404 duo
1446 3341 1784 3405 enuntiata
1829 3340 1907 3405 ab
1952 3341 2358 3406 Artemidoro
2398 3343 2598 3426 petita
2631 3343 2841 3409 denuo

404 3461 541 3544 ipse
582 3460 806 3524 inserit
835 3459 1334 3538 adnotationem,
1378 3481 1572 3545 quam
1616 3463 1810 3526 etiam
1852 3461 1992 3527 loco
2037 3464 2363 3547 superiore
2380 3464 2407 3504 ⁴
2445 3464 2840 3548 invenimus3

405 3583 571 3646 hanc
598 3581 876 3667 Berger⁵
915 3602 1148 3666 magna
1177 3601 1325 3647 cum
1351 3582 1794 3667 probabilitate
1824 3585 1905 3648 ad
1933 3584 2419 3651 Eratosthenem
2452 3587 2846 3653 referendam

407 3893 428 3947 1
471 3893 492 3947 1
585 3807 639 3874 1)
691 3805 841 3873 Quae
893 3806 1059 3862 fuerit
1093 3806 1424 3862 Artemidori
1477 3807 1544 3863 de
1592 3806 1759 3864 Tanai
1813 3810 2085 3866 sententia
2132 3827 2185 3867 v.
2236 3827 2322 3881 ap.
2375 3810 2419 3867 L
2458 3812 2518 3868 C.
2554 3812 2840 3869 Neumann

430 3935 443 3949 .
495 3934 507 3946 .
545 3912 595 3964 p.
621 3895 740 3949 331.

585 3997 639 4067 2)
685 3998 926 4054 Dittenb.
961 3998 1085 4070 syll.
1120 4017 1172 4070 p.
1200 4000 1320 4055 373.

586 4105 641 4173 3)
688 4104 927 4160 Dittenb.
966 4103 1090 4175 syll.
1127 4121 1180 4174 p.
1218 4103 1338 4159 372.
1409 4105 1642 4161 Mueller
1677 4107 1865 4176 fragm.
1904 4106 2031 4162 hist.
2071 4108 2256 4165 Graec.
2293 4109 2403 4180 III,
2441 4129 2492 4182 p.
2532 4111 2651 4168 264.

590 4208 648 4274 4)
698 4207 779 4276 11,
813 4209 877 4274 5,
914 4208 998 4266 22.
1026 4208 1082 4266 C.
1123 4207 1241 4264 124.
1283 4209 1400 4265 125.

587 4313 643 4383 5)
690 4311 893 4393 Berger
936 4313 1080 4377 Erat.
1118 4331 1169 4392 p.
1197 4313 1302 4373 332
1315 4331 1358 4375 8.
1428 4316 1496 4375 cf.
1531 4319 1810 4391 praeterea
1844 4316 1888 4374 1.
1923 4317 1980 4379 C.
2018 4317 2304 4381 Neumann
2336 4319 2372 4380 l.
2399 4321 2436 4382 l.
