3234 4842
1382 188 1881 249 —-ss-ss

159 343 187 392 '⁶
201 346 268 424 ⁸⁰⁸·
389 326 690 462 Mysis-⁶
745 346 933 462 Mysi·
947 336 1264 444 fiir3Afflza
1325 379 1686 445 habitantes
1738 401 1777 444 a
1841 379 2190 444 Thracibus
2252 381 2562 463 originem
2622 380 2851 444 ducere

414 501 835 586 putabantur3
857 503 878 542 ¹
925 502 1153 585 Moesi,
1200 501 1278 566 de
1326 500 1563 586 quibus
1607 503 1714 566 hic
1768 507 1844 567 ut
1890 501 1967 567 de
2009 502 2228 566 eadem
2258 506 2447 586 gente
2490 486 2697 566 sermo
2737 506 2851 585 est,

418 643 557 690 sero
604 624 862 690 demum
903 625 1165 688 omnino
1213 625 1653 688 innotuerunt.
1750 622 1912 688 Cum
1957 623 2228 688 Romani
2281 644 2458 687 arma
2503 623 2668 688 ferre
2712 643 2852 688 coe-

413 748 660 830 pissent
701 748 771 810 in
814 747 1106 831 regiones
1149 745 1291 810 ilias
1338 747 1825 828 remotissimaS,
1886 749 2026 810 tum
2066 744 2325 810 demum
2371 744 2587 828 aliqua
2630 764 2851 810 eorum

415 869 642 933 notitia
683 869 976 953 pervenit
1020 867 1099 932 ad
1148 867 1421 932 Graecos
1468 867 1974 951 Romanosque.²
2064 865 2150 931 M.
2194 865 2505 931 Lucullus
2550 887 2719 932 anno
2768 869 2851 931 74

411 991 604 1056 urbes
638 990 909 1054 Graecas
953 991 1022 1053 in
1063 1009 1173 1053 ora
1203 989 1417 1058 Ponti.
1447 991 1599 1054 sitas
1648 1008 1855 1073 usque
1896 989 1979 1053 ad
2023 989 2266 1054 Istrum
2311 990 2573 1074 imperio
2619 989 2852 1054 Roma-

413 1133 645 1177 norum
702 1112 1057 1177 subiecerat
1116 1116 1214 1195 et,
1240 1117 1249 1127 '
1278 1112 1429 1176 dum
1485 1111 1682 1176 frater
1740 1112 1878 1177 eius
1931 1130 2067 1176 rem
2111 1112 2278 1196 gerit
2322 1116 2544 1175 contra
2588 1112 2852 1176 Mithra—

415 1236 650 1318 datem,
707 1253 917 1319 usque
970 1234 1050 1298 ad
1094 1233 1336 1298 Tanain
1381 1238 1575 1317 atque
1612 1233 1998 1298 Maeotidem
2041 1252 2418 1318 progressus
2454 1238 2568 1298 est.
2640 1233 2853 1298 Etiam

413 1356 780 1420 Moesorum
808 1361 1064 1440 gentem
1091 1346 1497 1440 expeditione
1524 1355 1689 1420 facta
1733 1355 2092 1440 subegerat.
2181 1355 2362 1419 Haec
2391 1355 2585 1419 tradit
2613 1356 2852 1440 Appia-

412 1478 601 1562 nuS,⁸
653 1477 919 1560 addenS,
974 1481 1043 1541 s'e
1102 1478 1172 1540 in
1231 1477 1410 1542 libris
1469 1478 1863 1562 scriptorum
1910 1482 2237 1562 praeterea
2274 1477 2440 1540 nihil
2482 1477 2805 1542 invenisse
2824 1477 2853 1517 4

414 1599 493 1664 de
523 1598 1035 1684 expeditionibus
1063 1603 1285 1662 contra
1314 1598 1565 1664 Moesos
1595 1600 1908 1682 susceptis
1955 1618 2028 1663 eo
2064 1599 2320 1682 quidem
2353 1603 2666 1682 tempore,
2705 1618 2848 1662 cum

413 1721 612 1785 libera
647 1720 771 1785 fuit
810 1740 912 1785 res
954 1718 1212 1804 publica
1255 1720 1558 1787 Romana.
1648 1719 1813 1784 Tum
1869 1721 2068 1805 igitur
2110 1721 2392 1804 primum
2432 1721 2855 1785 innotuerunt

414 1843 616 1907 Moesi
657 1842 1065 1926 obtinuitque
1109 1843 1357 1926 opini0‚
1406 1861 1514 1907 eos
1558 1861 1698 1907 esse
1751 1841 2077 1907 Thraces.⁵
2166 1844 2389 1927 Atque
2432 1843 2548 1907 hos
2595 1843 2852 1927 quidem

325 1987 331 1991 ·
414 1965 665 2030 Moesos
712 1965 871 2048 quin
924 1969 1167 2028 statuat
1210 1964 1463 2029 eosdem
1509 1983 1649 2029 esse
1673 1982 1678 1986 ·
1701 1984 1775 2028 ac
1809 1956 2030 2046 Mysos
2060 1964 2470 2048 HomericoS,
2516 1966 2629 2049 qui
2672 1966 2852 2028 initio

414 2089 485 2150 in
545 2091 818 2171 utraque
874 2086 1027 2151 Istri
1049 2088 1076 2126 ⁰
1138 2088 1277 2171 ripa
1330 2087 1510 2152 sedes
1567 2086 1958 2167 habuerant,
2020 2087 2409 2152 Posidonius
2462 2088 2666 2152 facere
2721 2106 2852 2150 non

415 2227 601 2294 posse
645 2209 766 2274 sibi
810 2209 1083 2274 videtur.

597 2522 649 2588 1)
687 2520 830 2589 XII,
878 2520 940 2588 3,
977 2520 1027 2574 3.
1061 2520 1118 2574 C.
1165 2519 1264 2574 541
1306 2536 1348 2573 s.
1399 2521 1611 2588 εἴρηται
1663 2514 1713 2571 δ’
1768 2518 1852 2571 ὅτι
1908 2520 2000 2571 καὶ
2055 2519 2212 2571 αὐτοὶ
2259 2521 2317 2570 οἱ
2370 2521 2570 2571 Μυσοὶ
2625 2522 2853 2587 Θρᾳκῶν

418 2628 655 2678 ἄποικοί
686 2627 799 2678 εἰσι
835 2631 945 2677 τῶν
980 2633 1084 2678 νῦν
1117 2625 1433 2694 λεγομένων
1456 2629 1715 2676 Μοισῶν.
1787 2622 1931 2690 XII,
1955 2623 2019 2691 8,
2047 2623 2080 2676 3
2105 2623 2161 2678 C.
2189 2623 2294 2677 572
2332 2621 2417 2675 ὅτι
2454 2623 2582 2683 τοὺς
2613 2624 2852 2683 Μυσοὺς

422 2733 477 2782 οἱ
513 2729 621 2800 μὲν
662 2730 902 2799 Θρᾷκας,
951 2731 1007 2780 οἱ
1045 2729 1106 2781 δὲ
1142 2727 1371 2788 ,Λυδοὺς
1406 2729 1707 2797 εἰρήκασιν.

598 2849 653 2917 2)
704 2850 761 2919 I,
799 2850 849 2903 2.
886 2850 944 2905 C.
972 2849 1040 2902 14
1090 2851 1121 2901 ὁ
1170 2849 1277 2918 μὲν
1327 2848 1428 2914 (sc.
1463 2844 1839 2917 Ἀλέξανδρος)
1877 2856 1971 2915 τῆς
2007 2844 2193 2909 Ἀσίας
2247 2849 2456 2914 πολλὴν
2507 2848 2855 2916 ἀνεκάλυψεν

422 2957 558 3026 ἡμῖν
716 2957 783 3007 οἱ
820 2955 881 3008 δὲ
909 2949 1226 3024 Ῥωμαῖοι
1264 2953 1332 3005 τὰ
1368 2953 1602 3023 ἑσπέρια
1639 2961 1735 3019 τῆς
1770 2953 2044 3023 Εὐρώπης
2082 2995 2094 3008 .
2118 2994 2128 3006 .
2154 2995 2165 3007 .
2204 2955 2273 3005 τά
2316 2971 2374 3005 τε
2423 2956 2602 3023 πέραν
2636 2947 2853 3022 Ἴστρου

419 3060 487 3113 τὰ
521 3064 692 3130 μέχρι
731 3060 880 3130 Τύρα
919 3068 1195 3128 ποταμοῦ.

602 3181 658 3249 3)
697 3180 926 3249 Appian.
968 3180 1035 3233 de
1069 3179 1231 3235 rebus
1267 3178 1417 3248 Illyr-
1459 3179 1516 3234 C.
1558 3179 1643 3234 30.
1716 3180 1956 3239 Μυσοὺς
2000 3179 2063 3232 δὲ
2100 3185 2335 3249 Μᾶρκος
2380 3178 2487 3249 μὲν
2522 3179 2850 3240 Λεύκολλος,

425 3288 456 3339 ὁ
492 3285 733 3354 ἀδελφὸς
766 3288 1036 3340 Λικινίου
1058 3284 1378 3340 Λευκόλλου
1415 3293 1516 3337 τοῦ
1537 3285 1878 3357 Μιθριδάτῃ
1904 3284 2349 3351 πολεμήσαντος,
2388 3284 2723 3353 κατέδραμε,
2758 3285 2849 3335 καὶ

424 3392 479 3451 ἐς
514 3390 611 3444 τὸν
657 3389 920 3459 ποταμὸν
967 3388 1235 3458 ἐμβαλών,
1284 3388 1425 3441 ἔνθα
1459 3390 1607 3441 εἰσίν
1637 3383 1947 3456 Ἑλληνίδες
1982 3387 2041 3449 ἓξ
2070 3387 2264 3448 πόλεις
2298 3393 2530 3449 Ῑνὶυσοῖς
2566 3387 2848 3457 πάροικοι,

420 3535 433 3549 .
458 3536 471 3549 .
497 3535 511 3549 .
548 3494 614 3549 cf.
655 3493 898 3549 Strabon.
937 3492 1062 3560 VII,
1104 3492 1153 3546 6.
1191 3492 1248 3546 C.
1277 3492 1396 3546 319.

586 3616 642 3683 4)
681 3614 911 3685 Appian.
946 3613 980 3667 l.
1009 3631 1055 3668 c.
1117 3615 1209 3666 καὶ
1258 3614 1453 3666 πλεῖον
1490 3613 1655 3667 οὐδὲν
1692 3607 1860 3684 ηὗρον
1894 3614 1991 3666 ἐπὶ
2027 3621 2123 3680 τῆς
2153 3608 2440 3683 Ῥωμαίων
2477 3613 2850 3683 δημοκρατίας

416 3721 471 3780 ἐς
504 3719 744 3779 Πλυσοὺς
795 3720 1115 3789 γενόμενον,
1172 3716 1291 3770 οὐδ’
1346 3717 1400 3777 ἐς
1451 3716 1633 3786 φόρον
1691 3718 2044 3786 ὑπαχθέντας
2100 3717 2219 3770 οὐδ’
2273 3719 2369 3770 ἐπὶ
2416 3726 2515 3768 τοῦ
2561 3721 2850 3784 Σεβαστοῦ

419 3825 754 3893 ὑπήχθησαν
794 3824 902 3875 ὑπὸ
945 3827 1204 3892 Τιβερίου
1239 3830 1339 3874 τοῦ
1370 3821 1513 3891 μετὰ
1549 3822 1649 3875 τὸν
1671 3823 1957 3889 Σεβαστὸν
1993 3827 2111 3884 τοῖς
2130 3819 2422 3892 Ῥωμαίοις
2450 3823 2850 3896 αὐτοκράτορος

414 3935 736 3999 γενομένου.

589 4051 643 4117 5)
693 4049 835 4118 XII,
875 4050 935 4117 3,
974 4050 1022 4103 3.
1047 4049 1104 4104 C.
1144 4048 1242 4103 541
1273 4064 1316 4103 s.
1372 4048 1438 4103 cf.
1476 4066 1528 4117 p.
1556 4050 1588 4102 5
1624 4066 1677 4102 n.
1719 4049 1767 4101 2.

591 4171 648 4238 6)
701 4170 838 4239 XII,
877 4171 940 4238 3,
978 4170 1062 4224 26.
1090 4171 1148 4226 C.
1187 4171 1291 4224 553
1347 4168 1463 4222 οὐδ’
1503 4170 1575 4223 ἄν
1615 4173 1848 4239 Θρᾳκῶν
1885 4188 1940 4224 τε
1992 4171 2085 4222 καὶ
2137 4175 2358 4224 Μυσῶν
2409 4173 2687 4240 μνησθεὶς
2740 4177 2850 4227 τῶν

415 4274 555 4345 πρὸς
589 4276 665 4343 τῷ
692 4268 887 4344 Ἴστρῳ
923 4273 1090 4328 αὐτὸν
1127 4277 1518 4345 παρεσίγησεν.
