3234 4842
1157 150 1826 215 ‘-—-17—

334 350 608 414 maxime
648 350 1005 431 propterea,
1053 344 1223 429 quod
1269 345 1337 406 in
1381 343 1592 407 verbis
1621 342 1887 407 Homeri
1930 344 2299 427 tractandis,
2344 345 2763 430 interpretan-

334 473 460 554 dis,
503 468 831 534 mutandis
872 466 1209 531 immodice
1251 467 1486 530 versati
1529 467 1675 530 sint.

432 680 437 684 ⁴
504 608 769 673 Mirum.
802 624 955 670 vero
1011 610 1136 688 est,
1200 605 1370 689 quod
1417 603 1644 668 Strabo
1682 609 1825 668 -tam
1876 605 1996 668 sibi
2040 624 2173 668 non
2218 610 2500 689 constat,
2553 612 2630 670 ut
2674 624 2765 690 ea,

332 749 502 814 quae
541 730 663 793 hoc
719 728 857 793 loco
919 727 1347 811 disputatione
1408 727 1562 790 satis
1609 727 1864 809 copiosa
1919 727 2267 811 vituperat,
2335 727 2531 791 altero
2583 727 2764 792 loco¹

329 854 520 937 plane
562 856 733 916 recte
775 869 842 915 30
885 850 1117 914 habere
1165 848 1559 913 confiteatur.
1650 849 1729 912 In
1782 848 1994 913 verbis
2050 849 2188 913 eius
2242 848 2370 914 duo
2411 849 2767 935 fragmenta

333 975 618 1060 dignosci
661 977 956 1058 possunt,
1018 990 1182 1056 quae
1226 975 1337 1035 aut
1378 970 1786 1035 Eratostheni
1830 975 1942 1035 aut
1985 971 2370 1055 Apollodoro
2423 971 2762 1037 tribuenda

333 1100 519 1160 sunt:
592 1090 962 1181 πρόῧθεντο
1027 1089 1175 1175 μὲν·
1210 1091 1329 1178 γὰρ
1390 1142 1404 1158 .
1438 1140 1493 1156 ..
1549 1087 1892 1178 νεωτέρους
1967 1098 2031 1158 01
2107 1096 2379 1158 Σκυθῶν
2454 1091 2571 1176 μὲν
2645 1094 2765 1181 γὰρ

330 1219 702 1303 μεμνῆσθαι
749 1265 766 1282 .
794 1266 808 1281 .
835 1269 848 1282 .
898 1225 1010 1302 γῆς
1054 1208 1258 1292 ὄντας.

502 1357 750 1421 Deinde
811 1354 1036 1421 Strabo
1092 1355 1161 1417 in
1217 1354 1326 1436 §7
1388 1354 1540 1418 satis
1598 1353 1820 1418 multis
1880 1353 2090 1419 verbis
2148 1354 2383 1420 refutat
2425 1355 2522 1439 id,
2584 1356 2757 1440 quod

327 1478 759 1563 Apollodorus
836 1476 1187 1560 contendit,
1271 1476 1630 1540 Homerum
1699 1476 2081 1558 Scytharum
2148 1477 2391 1542 nullam
2466 1477 2765 1543 habuisse

327 1602 634 1666 notitiam.
725 1599 816 1666 Ut
873 1619 1054 1664 suam
1116 1599 1495 1663 sententiam
1553 1618 1772 1663 veram
1832 1618 1969 1663 esse
2009 1598 2424 1683 demonstret,
2480 1601 2760 1685 primum

328 1722 507 1786 affert
548 1722 980 1786 testimonium
1024 1719 1290 1785 Hesiodi
1334 1721 1404 1784 in
1447 1739 1643 1785 versu
1688 1720 1767 1784 ab
1810 1720 2229 1785 Eratosthene
2272 1720 2529 1785 laudato
2548 1772 2562 1785 .

1028 1869 1391 1953 Αἰθίοπάς
1432 1897 1503 1939 τε
1544 1871 1762 1962 Λίγυς
1804 1897 1875 1941 τε
1920 1870 2021 1941 ἰδὲ

1070 1995 1332 2074 Σκύθας
1376 1990 1849 2085 ἶππημολγούς,

324 2176 518 2255 atque
562 2171 788 2236 deinde
832 2171 1138 2254 Aeschyli
1183 2171 1418 2255 10011111,
1484 2172 1595 2256 qui
1649 2171 1837 2257 plane
1889 2172 2184 2257 congruit
2225 2191 2373 2236 cum
2415 2171 2524 2236 illo
2574 2174 2748 2238 testi·
2879 2164 2883 2170 ’

323 2315 570 2360 111011101

806 2396 945 2464 ἀλλ’
992 2393 1289 2486 tandum
1331 2402 1653 2485 βρωτῆρες
1697 2393 1952 2481 εὔνομοι
1995 2395 2273 2462 Σκύθαι.

521 2572 855 2637 Praeterea
918 2573 989 2636 in
1062 2571 1274 2636 verbis
1345 2571 1834 2655 insequentibus
1909 2572 2100 2635 etiam
2177 2589 2315 2634 eam
2392 2572 2755 2656 opinionem

325 2693 590 2778 profert,
661 2713 825 2778 quae
883 2695 1078 2779 vulgo
1141 2694 1219 2758 de
1282 2694 1536 2776 Scythis
1598 2691 1925 2757 obtinebat
1982 2691 2152 2775 apud
2185 2691 2510 2779 6100003,
2571 2697 2635 2757 01
2676 2695 2746 2757 111

326 2817 364 2898 ξ
412 2818 453 2880 8
512 2815 946 2901 compluribus
1008 2815 1149 2880 aliis
1214 2816 1594 2880 testimoniis
1652 2815 1842 2879 etiam
1900 2814 2102 2899 magis
2160 2813 2524 2899 confirmat,
2581 2820 2758 2880 ’10010

325 2937 596 3020 Scythas
640 2937 720 3003 ab
763 2939 1046 3004 Homero
1093 2938 1441 3023 descriptos
1485 2955 1642 3002 esse.

499 3095 579 3159 In
624 3095 846 3180 primis
892 3097 930 3178 ξ
966 3097 1004 3160 9
1050 3093 1264 3159 verbis
1310 3093 1536 3159 Strabo
1589 3093 1772 3157 affert
1825 3111 2065 3156 novum
2116 3093 2554 3158 testimonium
2598 3095 2759 3181 peti-

328 3217 467 3277 tum
508 3234 591 3279 ex
637 3222 861 3301 quarto
905 3215 1065 3281 libro
1112 3217 1319 3301 operis
1362 3216 1676 3299 historici,
1721 3214 1893 3298 quod
1922 3214 2223 3298 Ephorus
2267 3216 2639 3300 conscripsit
2684 3215 2762 3280 de

327 3333 605 3419 Europa.
692 3337 847 3401 Tota
899 3337 1030 3402 fere
1085 3338 1519 3422 paragraphus
1574 3341 1673 3401 est
1732 3336 2003 3420 epitome
2061 3337 2263 3419 partis
2320 3336 2497 3401 1111113
2557 3320 2763 3420 operis

328 3457 600 3541 Ephori,
671 3459 856 3522 cuius
910 3459 1105 3524 verba
1163 3460 1296 3543 hic,
1365 3465 1441 3524 ut
1499 3460 1568 3522 in
1628 3457 1889 3541 reliquis
1952 3458 2137 3542 10013,
2197 3457 2311 3523 ubi
2366 3457 2666 3541 Ephorus
2728 3479 2766 3522 a

329 3578 638 3644 Strabone
693 3579 1020 3663 laudatur,
1066 3579 1335 3663 obliqua
1394 3581 1677 3644 oratione
1738 3580 2132 3644 afferuntur,
2195 3579 2276 3643 In
2332 3580 2449 3643 hac
2506 3598 2765 3665 quoque

327 3708 508 3788 parte
573 3703 798 3768 Strabo
860 3702 1192 3787 Ephorum
1266 3704 1553 3766 secrevit
1608 3722 1648 3766 a
1711 3702 1975 3786 reliquis
2045 3701 2526 3787 scriptoribuS,
2572 3709 2765 3786 atque

332 3826 590 3891 omnino
636 3826 1071 3889 testimonium
1115 3823 1288 3887 illius
1326 3824 1488 3887 solet
1533 3823 1753 3887 afferre
1795 3824 1865 3886 in
1908 3822 2036 3888 fine
2082 3824 2543 3907 disputationis,
2635 3824 2770 3888 Ex-

330 3950 548 4011 tremis
603 3946 814 4012 verbis
873 3946 1100 4013 Strabo
1147 3945 1474 4010 Posidonii
1519 3946 1597 4009 de
1641 3946 1995 4009 Anacharsi
2055 3946 2486 4009 narrationem
2551 3964 2769 4010 veram

507 4242 560 4309 1)
608 4240 748 4309 xli,
787 4241 846 4311 3,
884 4240 967 4295 26.
1001 4239 1057 4294 0.
1097 4241 1201 4294 553
1255 4240 1321 4295 cr.
1360 4239 1416 4309 1,
1454 4241 1502 4310 1,
1540 4241 1589 4295 6.
1617 4239 1675 4295 0.
1712 4239 1764 4292 4.
