3234 4842
1453 853 1889 940 Vita.¹

583 1164 791 1228 Natus
850 1184 996 1229 sum
1058 1164 1322 1229 Carolus
1377 1165 1754 1249 Heilmann,
1816 1138 2432 1251 Borusso-HassuS,
2492 1165 2839 1232 Altazellae

411 1286 513 1350 die
555 1285 786 1350 XVIII
850 1288 1089 1351 mensis
1135 1285 1268 1351 Oct.
1332 1288 1487 1351 anni
1537 1288 1599 1351 h.
1649 1307 1696 1351 s.
1744 1286 1957 1372 LVII,
2016 1294 2193 1372 patre
2252 1267 2573 1368 Johanne,
2638 1295 2839 1354 matre

409 1407 731 1492 Carolina,
776 1427 811 1472 e
848 1414 1038 1494 gente
1082 1408 1288 1492 Rupp.
1381 1407 1648 1472 Matrem
1688 1414 2091 1493 praematura
2122 1415 2322 1475 morte
2366 1412 2524 1475 mihi
2555 1416 2833 1495 ereptam

408 1547 546 1592 esse
561 1579 577 1612 ,
637 1529 818 1593 valde
876 1506 1072 1594 doleo.
1163 1529 1343 1593 Fidei
1399 1528 1692 1594 addictus
1752 1550 1896 1594 sum
1953 1531 2365 1616 evangelicae.
2455 1530 2837 1595 Litterarum

407 1651 767 1733 primordiis
811 1652 881 1715 in
925 1670 1273 1736 puerorum
1319 1650 1472 1715 ludo
1518 1650 1810 1717 imbutus
1853 1653 1924 1716 in
1974 1654 2383 1737 gymnasium
2426 1652 2838 1718 Hanoviense

407 1778 697 1856 receptus
747 1793 908 1837 sum.
1018 1772 1410 1838 Maturitatis
1464 1775 1901 1838 testimonium
1962 1780 2292 1841 assecutus
2347 1775 2675 1839 Solitariae
2725 1795 2841 1859 per

408 1913 524 1958 sex
583 1915 836 1961 menses
903 1896 1318 1969 seminarium
1380 1901 1865 1980 praeceptorum
1926 1896 2341 1980 frequentavi.
2454 1897 2836 1962 Testimonio

409 2036 568 2100 „pro
614 2019 826 2082 schola
838 2018 872 2052 “
930 2019 1228 2082 munitus
1290 2019 1591 2102 magister
1649 1987 1745 2081 fui
1802 2038 1919 2102 per
1973 2024 2103 2084 tres
2147 2037 2348 2084 annos
2388 2021 2458 2083 in
2503 2019 2692 2104 urbe,
2732 2021 2838 2084 cui

408 2144 506 2203 est
570 2160 802 2205 nomen
868 2139 1290 2224 Hofgeismar.
1417 2140 1525 2204 Ad
1593 2140 2035 2225 persequenda
2101 2141 2313 2205 studia
2376 2146 2719 2206 auctumno
2780 2162 2836 2207 a.

406 2261 703 2327 LXXXI
759 2262 1133 2328 Berolinum
1188 2281 1291 2326 me
1346 2263 1616 2347 contuli,
1690 2262 1803 2326 ubi
1869 2264 2351 2328 universitatem
2416 2262 2838 2328 Fridericam-

408 2385 791 2449 Guilelmam
834 2404 949 2469 per
990 2405 1196 2449 unum
1240 2390 1542 2449 semestre
1585 2384 2002 2470 frequentavi.
2077 2384 2455 2450 Docuerunt
2483 2404 2585 2449 me
2616 2405 2719 2452 vv.
2748 2386 2835 2451 ill.

406 2506 688 2591 Weiss,
735 2506 1279 2591 Steinmeyer,
1318 2505 1703 2591 Messner,
1755 2507 2040 2592 Plath,
2095 2506 2501 2572 Huebner.
2590 2505 2838 2572 Deinde

404 2625 605 2693 Halas
657 2630 1141 2714 transmigravi,
1211 2629 1325 2693 ubi
1379 2649 1493 2713 per
1546 2630 1833 2713 quinque
1897 2631 2223 2695 semestria
2283 2630 2517 2693 scholis
2575 2630 2838 2694 interfui

406 2751 689 2815 virorum
719 2751 1295 2816 illustrissimorum
1328 2750 1910 2835 Schlottmann,
1939 2751 2239 2836 Riehm,
2285 2751 2594 2836 Jacobi,
2639 2751 2837 2834 Bey-

405 2873 701 2958 schlag,
746 2873 1102 2958 Kaehler,
1144 2874 1474 2958 Hering,
1514 2873 1898 2960 Koestlin,
1941 2873 2432 2959 Tschackertl,
2480 2873 2836 2939 Duemm-

403 2996 554 3081 ler,
608 2996 1048 3082 Neumann,
1095 2995 1475 3080 Schmidt,
1519 2995 2122 3082 Dittenberger,
2167 2995 2487 3081 Krohn,
2530 2996 2836 3082 Thiele,

404 3116 683 3202 Haym,
728 3119 1172 3184 Kirchhoff.
1265 3117 1763 3183 Seminariorum
1800 3119 2241 3204 philosophici,
2295 3119 2614 3204 historici,
2661 3120 2837 3184 theo-

404 3237 590 3321 logici
645 3239 876 3304 sodalis
930 3241 1041 3304 fui.
1144 3242 1252 3306 Ad
1315 3242 1802 3306 exercitationes
1867 3239 2218 3306 historicas
2262 3245 2326 3305 et
2384 3243 2837 3327 geographicas

405 3379 507 3422 vv.
548 3359 650 3424 dd.
698 3360 1114 3425 Neumann
1171 3368 1236 3427 et
1289 3354 1722 3427 Kirchhoff
1771 3363 2048 3449 benigne
2097 3364 2343 3428 aditum
2391 3364 2550 3427 mihi
2605 3366 2836 3448 permi-

405 3486 641 3546 serunt.
735 3480 984 3558 Quibus
1040 3482 1339 3548 omnibus
1397 3486 1552 3549 viris
1619 3487 1855 3568 optime
1927 3485 2030 3549 de·
2070 3505 2174 3549 me
2250 3487 2491 3550 meritis
2559 3485 2836 3550 debitam

404 3621 653 3686 semper
698 3602 939 3668 habebo
984 3607 1271 3688 gratiam.
