3234 4842
1368 209 1986 308 *1⁶*ss

426 420 509 465 ex
554 402 923 466 Macedonia
982 402 1223 466 bellum
1283 404 1602 488 suscipere
1665 409 1889 467 contra
1931 403 2252 495 Dacorum
2309 423 2580 487 regnum
2642 409 2865 488 poten-

310 608 321 621 ,
425 524 770 608 tissimum,
825 524 935 588 sed
980 525 1100 588 hoc
1144 525 1481 589 consilium
1527 524 1866 608 abiecerat,
1931 530 2008 589 ut
2050 526 2338 609 videtur,
2397 524 2568 608 quod
2611 526 2682 588 in
2726 526 2863 608 ipso

424 642 745 710 Dacorum
803 666 999 731 regno
1059 666 1276 711 rerum
1332 649 1598 711 mutatio
1662 652 1840 710 tanta
1897 652 1994 711 est
2047 646 2243 731 facta,
2303 652 2380 711 ut
2424 652 2564 710 tum
2607 647 2863 730 quidem

428 787 557 830 non
600 768 943 833 verisimile
988 773 1182 853 esset,
1223 767 1432 833 Dacos
1461 770 1728 853 imperio
1760 768 2194 833 Romanorum
2237 769 2521 852 pericula
2566 769 2865 832 allaturos

425 908 579 954 esse.
668 890 748 953 In
805 891 1141 974 postremis
1199 891 1237 972 ἓ
1291 892 1370 955 11
1437 890 1653 955 verbis
1715 895 1932 957 narrat
1993 889 2248 974 Strabo,
2306 890 2622 973 quomodo
2666 892 2864 954 vitam

424 1010 660 1076 finierit
726 1012 1110 1076 Boerebista.
1215 1011 1604 1096 Priusquam
1675 1012 1950 1076 Romani
2015 1013 2368 1077 exercitum
2428 1018 2650 1076 contra
2718 1031 2866 1075 eum

425 1134 781 1217 mitterent,
855 1153 1050 1219 regno
1118 1134 1346 1218 pulsus
1402 1139 1552 1198 erat.
1660 1133 1843 1198 Duae
1907 1153 2010 1198 res
2028 1184 2044 1217 ,
2113 1153 2274 1218 quae
2334 1155 2370 1198 a
2427 1131 2737 1198 Strabone
2795 1135 2864 1197 in

426 1255 636 1320 verbis
671 1256 1159 1341 insequentibus
1204 1246 1811 1340 commemorantur,
1854 1257 2185 1340 particulis
2229 1252 2339 1320 καὶ
2376 1254 2454 1343 δὴ
2498 1262 2562 1321 01
2604 1253 2752 1319 τότε
2793 1252 2864 1319 δὲ

425 1379 578 1442 satis
634 1378 801 1442 clare
855 1380 1316 1463 seiunguntur3
1379 1379 1487 1443 illo
1541 1388 1649 1443 νῦν
1702 1379 2016 1464 significat
2081 1381 2351 1463 scriptor
2417 1398 2597 1443 suam
2662 1379 2864 1462 ipsius

425 1504 724 1584 aetatem,
770 1500 1069 1565 adverbio
1098 1498 1247 1564 τότε
1275 1501 1438 1565 illud
1469 1507 1749 1586 tempus,
1797 1522 1925 1587 quo
1965 1521 2236 1586 regnum
2268 1501 2591 1565 Dacorum
2623 1501 2864 1565 divide·

423 1621 637 1705 batur,
685 1621 856 1705 quod
898 1621 1137 1687 factum
1182 1628 1281 1687 est
1323 1623 1504 1687 initio
1548 1625 1800 1707 imperii
1830 1624 2141 1708 Augusti,
2184 1624 2389 1687 multo
2431 1628 2579 1686 ante
2608 1622 2863 1687 Lentuli

424 1743 911 1827 expeditionem.

601 1884 669 1949 Si
714 1903 819 1968 ea,
868 1903 1032 1968 quae
1077 1884 1286 1949 adhuc
1331 1885 1654 1969 disputata
1698 1891 1880 1969 sunt,
1927 1885 2207 1971 breviter
2250 1884 2864 1969 comprehendimuS,

425 2024 574 2069 cum
618 2005 899 2089 Zippelio
946 2008 1357 2072 statuendum
1403 2008 1588 2071 nobis
1634 2026 1772 2072 esse
1816 2007 2138 2090 videmuS,
2184 2008 2562 2073 Strabonem
2606 2008 2864 2091 expedi-

426 2127 664 2190 tionem
706 2126 1022 2212 bellicam,
1086 2130 1270 2194 cuius
1327 2131 1564 2194 mentio
1617 2130 1693 2193 fit
1747 2131 1816 2193 in
1873 2130 1910 2211 ἓ
1946 2131 2056 2213 11,
2124 2130 2391 2194 eandem
2447 2149 2585 2194 esse
2638 2135 2863 2214 putare

425 2254 620 2332 atque
665 2248 743 2313 de
794 2270 922 2334 qua
966 2250 1179 2321 verba⁴
1207 2251 1359 2315 facit
1413 2252 1484 2314 in
1544 2252 1582 2333 ἓ
1634 2254 1700 2336 5,
1763 2252 1821 2315 h.
1856 2270 1907 2315 e.
1954 2270 2126 2335 eam,
2200 2238 2392 2335 quam
2439 2250 2668 2315 Caesar
2724 2272 2863 2315 sus-

425 2375 726 2456 cepturus
794 2378 928 2436 erat
993 2378 1057 2437 et
1123 2373 1559 2438 Boerebistam
1624 2375 1809 2438 annis
1872 2375 1958 2437 49
1978 2409 2063 2420 -
2080 2376 2167 2438 44
2227 2375 2511 2438 maxima
2574 2372 2864 2437 floruisse

423 2495 734 2577 potentia,
776 2514 905 2578 qua
949 2496 1239 2560 similiter
1282 2502 1477 2580 atque
1520 2496 1735 2581 paullo
1779 2503 1924 2580 post
1968 2517 2238 2583 magnus
2281 2498 2420 2561 eius
2466 2497 2865 2561 adversarius

423 2617 713 2698 privatus
753 2621 865 2682 est.

600 2756 680 2820 In
742 2758 780 2838 ἓ
823 2757 861 2819 6
919 2756 1143 2821 Strabo
1188 2758 1354 2823 redit
1398 2760 1478 2823 ad
1524 2759 2016 2843 disputationem
2064 2760 2142 2824 de
2185 2759 2390 2842 Mysis
2433 2761 2629 2844 idque
2672 2779 2864 2843 nunc,

425 2882 501 2941 ut
544 2896 612 2941 se
655 2883 865 2942 vertat
908 2884 1129 2943 contra
1173 2881 1638 2966 Apollodorum
1679 2887 1747 2946 et
1787 2881 2304 2965 Eratosthenem,
2366 2902 2638 2965 quorum
2689 2883 2864 2966 prin-

426 3000 589 3084 cipia
634 3019 781 3064 eum
828 3001 1087 3066 omnino
1129 3022 1261 3066 non
1304 3002 1574 3085 probare
1620 3023 1814 3087 supra
1858 3003 2101 3068 dictum
2145 3005 2290 3068 est.¹

598 3137 757 3203 Tota
802 3138 933 3203 fere
981 3141 1019 3222 ξ
1054 3140 1092 3202 6
1138 3140 1567 3225 fragmentum
1611 3148 1711 3207 est
1740 3142 2145 3227 Apollodori,
2191 3146 2519 3225 sumptum
2563 3160 2647 3205 ex
2683 3161 2865 3226 prae-

423 3258 659 3325 fatione
716 3261 866 3325 libri
922 3263 1186 3327 alterius
1245 3266 1706 3348 commentarii,
1784 3284 1912 3347 quo
1969 3265 2077 3328 ille
2130 3265 2444 3329 instruxit
2506 3266 2866 3350 catalogum

423 3384 704 3447 navium.
779 3382 1093 3449 Videmus
1139 3403 1221 3448 ex
1265 3386 1387 3449 hoc
1428 3386 1812 3472 fragmentO,
1858 3391 2182 3450 auctorem
2224 3388 2292 3449 in
2341 3391 2579 3450 tractari
2587 3387 2683 3450 dis
2724 3407 2863 3450 ver-

424 3504 524 3569 bis
566 3506 833 3572 Homeri
876 3507 1257 3591 plerumque
1316 3510 1499 3594 sequi
1541 3510 2045 3574 Eratosthenem.
2140 3507 2307 3585 Quid
2362 3509 2440 3573 ab
2494 3509 2639 3593 hoc,
2710 3510 2865 3593 quid

426 3627 504 3691 ab
567 3628 678 3692 illo
743 3628 1096 3713 profectum
1159 3631 1272 3714 sit,
1346 3651 1495 3695 cum
1570 3633 1784 3717 aliqua
1849 3630 2293 3716 probabilitate
2357 3630 2687 3695 diiudicari
2756 3632 2863 3694 vix

425 3752 676 3833 poterit.

603 3889 904 3955 Exeunte
950 3893 988 3973 ἓ
1021 3892 1060 3956 6
1108 3898 1171 3956 01
1212 3893 1282 3956 111
1328 3895 1366 3975 ξ
1402 3894 1438 3956 7
1483 3895 1749 3978 exponit
1794 3892 2048 3977 Strabo,
2104 3894 2259 3976 quid
2311 3894 2449 3978 ipse
2505 3894 2735 3957 sentiat
2785 3892 2864 3955 de

424 4012 523 4096 iis,
570 4032 734 4096 quae
764 4013 1191 4098 Apollodorus
1233 4021 1297 4079 et
1326 4015 1778 4081 Eratosthenes
1825 4016 2254 4096 tradiderunt3
2304 4016 2709 4099 reprehendit
2755 4034 2864 4079 eos

602 4307 657 4373 1)
706 4308 774 4361 cf.
811 4306 1043 4376 Berger‚
1081 4324 1258 4378 geogr.
1297 4311 1485 4378 fragm.
1524 4309 1621 4363 des
1657 4309 2042 4364 Eratosthenes
2078 4326 2129 4378 p.
2168 4308 2253 4364 29.
