3234 4842
436 417 832 482 describendi
875 418 1122 481 ratione
1164 418 1574 500 perspicuum
1619 416 1719 499 fit,
1767 435 1914 480 eum
1954 416 2131 481 fonte
2174 408 2366 480 usum
2411 436 2550 481 esse
2593 417 2753 481 libro
2797 418 2866 480 in

436 539 665 624 peripli
710 538 972 602 modum
1015 538 1369 621 conscripto
1417 542 1611 621 atque
1647 558 1799 605 cum
1838 538 2064 604 Strabo
2110 543 2174 603 et
2212 538 2600 620 Anonymus
2641 539 2868 622 peripli

436 664 657 725 auctor
675 663 697 699 ¹
743 661 929 745 plane
974 660 1376 724 consentiant
1416 660 1586 723 inter
1630 679 1729 744 se,
1758 660 1956 725 ‘facile
1985 660 2425 725 concludimus
2433 709 2450 744 ,
2497 680 2606 725 eos
2647 661 2868 725 eodem

440 802 593 848 usos
636 802 774 847 esse
814 782 1006 846 fonte.
1084 782 1259 845 Infra
1299 780 1496 846 verba
1525 781 1857 847 Strabonis
1898 788 1963 847 et
1990 783 2217 868 peripli
2260 784 2428 848 inter
2472 803 2539 847 se
2565 782 2869 867 'opposita

435 905 767 989 leguntur,
796 906 887 968 ita
915 909 992 968 ut
1020 903 1180 967 nihil
1202 908 1522 968 mutatum
1542 905 1626 968 sit
1651 905 1724 968 in
1753 903 1964 970 verbis
1982 906 2238 989 peripli,
2269 906 2340 969 in
2371 925 2498 990 quo
2529 906 2865 988 descriptio

446 1028 733 1111 procedit
771 1048 809 1090 a
852 1026 1113 1091 meridie
1158 1026 1239 1090 ad
1284 1027 1810 1112 septentrionem:

527 1182 750 1247 Strabo
794 1183 952 1266 VII,
1003 1186 1146 1267 3,19
1193 1182 1256 1249 C.
1309 1184 1431 1248 307
1482 1204 1529 1248 s.
2011 1184 2224 1248 Anon.
2270 1184 2539 1270 Peripl.²

430 1313 567 1386 εἶθ’
617 1321 653 1386 ὁ
684 1315 1113 1402 Ἀχίλλειος
1720 1319 1858 1386 ἀπό
1902 1319 1976 1386 δέ
2017 1331 2135 1386 τοῦ
2178 1317 2571 1410 σὀιρωτηρίου

430 1441 720 1530 δρόμος
764 1443 1051 1532 ἁλιτενὴς
1728 1442 2105 1532 Ταμυράκης
2144 1443 2424 1532 παρήκει
2470 1445 2506 1509 ὁ

424 1562 820 1652 χερρόνησος·
865 1559 1007 1629 ἔστι
1722 1564 1781 1629 δ’
1815 1559 2234 1646 Ἀχίλλειος
2278 1564 2590 1652 δρόμος,

428 1686 548 1773 γὰρ
592 1682 859 1751 ταινία
899 1711 1019 1765 τις
1723 1687 1886 1775 ὅπερ
1932 1684 2107 1752 έστὶν
2149 1680 2295 1775 ᾗὼν
2337 1684 2697 1770 (τουτέστιν

429 1807 609 1873 ὅσον
648 1804 924 1889 χιλίων
1719 1805 2046 1895 αἰγιαλὸς)
2093 1806 2391 1897 σφόδρα
2435 1807 2690 1894 μακρὰ

429 1924 710 1993 σταδίων
751 1940 951 2017 μῆκος
988 1929 1105 1996 ἐπὶ
1718 1929 1847 1996 καὶ
1909 1932 2138 2019 στενὴ
2180 1929 2491 2017 διήκουσα
2533 1929 2647 1994 τὸν

425 2053 537 2139 τὴν
579 2045 692 2132 ἕω,
740 2050 991 2129 πλάτος
1035 2050 1106 2116 δὲ
1717 2051 1964 2140 τρόπον
2007 2049 2125 2117 έπὶ
2171 2047 2472 2128 σταδίους
2516 2053 2641 2136 ᾳσ’,

426 2172 503 2238 τὸ
543 2169 847 2258 μέγιστον
889 2172 1062 2237 δυεῖν
1716 2171 1947 2258 μίλια
1996 2173 2121 2258 ρξ’,

428 2290 709 2359 σταδίων
753 2291 1087 2374 ἐλάχιστον
1715 2296 1793 2361 τὸ
1839 2293 1911 2359 δὲ
1952 2292 2203 2372 πλάτος
2248 2289 2480 2375 ἔχουσα

425 2414 814 2503 τεττάρων
867 2413 1254 2501 πλέθρων,
1714 2415 2319 2502 τετράπλεθρον
2364 2453 2446 2461 —
2492 2452 2572 2461 —

425 2534 726 2619 διέχουσα
756 2548 870 2626 τῆς
913 2533 1227 2625 ἑκατέρω-
1716 2535 2037 2628 ἀφέστηκε
2085 2534 2157 2601 δὲ

427 2663 550 2724 θεν
589 2668 707 2723 τοῦ
750 2655 1005 2740 αὐχένος
1047 2656 1379 2748 ἠπείρου
1717 2672 1851 2747 τῆς
1905 2655 2231 2748 ἠπείρου

427 2777 798 2858 σταδίους
841 2776 1212 2869 ἑξήκοντα
1260 2780 1486 2867 άμμώ-
1717 2777 2088 2871 σταδίους
2141 2780 2217 2860 ξ’,
2263 2775 2487 2863 μίλια
2537 2781 2617 2865 η’.

424 2902 561 2990 δης,
609 2901 778 2989 ὕδωρ
823 2896 1054 2981 ἔχουσα
1100 2899 1284 2989 ὀρυκ-
1718 2903 1917 2969 κατὰ
1968 2898 2208 2986 μέσον
2265 2898 2346 2966 δὲ
2406 2900 2597 2988 αὐτῆς

419 3021 548 3088 τόν.
638 3022 837 3088 κατὰ
888 3018 1122 3109 μέσην
1167 3022 1267 3087 δ’ὁ
1716 3004 1941 3112 αὐχὴν
1995 3020 2473 3111 ἱσθμοειδὴς

420 3152 556 3208 τοῦ
608 3139 911 3227 ἰσθμοῦ
965 3141 1192 3232 αὐχὴν
1248 3143 1432 3210 ὅσον
1719 3142 2043 3231 (τουτέστι
2090 3143 2431 3231 στενώδης)
2474 3147 2552 3232 τῇ

418 3264 1002 3352 τετταράκοντα
1064 3263 1421 3332 σταδίων“
1712 3263 2007 3356 ἠπείρῳ
2045 3263 2222 3355 (ἢτοι
2266 3275 2345 3353 τῇ
2388 3268 2496 3354 γῇ)

420 3385 684 3474 τελευτᾷ
728 3384 800 3452 δὲ
844 3387 1012 3473 πρὸς
1052 3385 1249 3473 ἄκραν
1712 3388 2097 3454 συνάπτει
2158 3385 2294 3453 ἐπὶ
2353 3383 2724 3465 σταδίους

420 3505 494 3597 ἢν
546 3507 924 3596 Ταμυράκην
965 3509 1280 3574 καλοῦσιν.
1705 3515 1775 3595 μ’
1819 3508 2045 3595 μίλια
2098 3515 2171 3593 ε’,
2218 3513 2293 3597 y‘,
2342 3508 2577 3597 διήκων

1705 3634 1783 3698 τὸ
1826 3644 2040 3720 pomos.

596 3754 821 3837 Neque
883 3754 1110 3819 Strabo
1169 3775 1380 3838 neque
1436 3756 1825 3837 Anonymus
1883 3757 2111 3841 peripli
2183 3724 2424 3819 auctor·
2459 3755 2624 3818 hanc
2680 3773 2853 3817 oram

420 3876 619 3942 oculis
673 3877 1006 3957 viderunt3
1068 3878 1138 3940 in
1196 3878 1424 3963 peripli
1474 3877 1685 3942 verbis
1739 3878 2093 3943 notandum
2147 3881 2270 3961 est,
2333 3881 2656 3941 auctorem
2716 3877 2853 3940 eius

593 4213 648 4278 1)
694 4213 795 4280 Ap.
831 4210 1066 4264 Mueller
1103 4209 1290 4278 Geogr.
1329 4208 1417 4262 Gr.
1455 4208 1587 4265 min.
1625 4209 1681 4278 Ι,
1718 4227 1769 4278 p.
1795 4209 1899 4264 416
1938 4211 1970 4277 ἓ
1998 4211 2064 4263 57
2079 4227 2122 4266 s.

593 4317 647 4382 2)
696 4318 796 4388 Ap.
836 4313 1067 4370 Mueller
1105 4314 1292 4386 Geogr.
1334 4312 1422 4369 Gr.
1461 4329 1532 4369 m.
1568 4311 1624 4383 Ι,
1660 4331 1710 4387 p.
1736 4313 1842 4368 416
1879 4314 2003 4388 §57
2019 4330 2065 4370 s.
