3234 4842
1422 162 1561 170 --.
1660 117 1741 190 18
1841 164 1972 173 --.-

481 331 618 378 esse
662 333 730 379 se
774 313 1028 380 credere
1075 334 1205 379 non
1244 336 1429 399 posse
1471 317 1813 382 confitetur
1871 323 1935 381 et
1992 317 2267 383 breviter
2322 319 2808 404 comprehendit
2874 326 2954 386 et

480 437 710 520 repetit
754 455 857 521 ea,
905 456 1068 521 quae
1114 438 1548 504 demonstrare
1593 446 1859 504 conatus
1905 444 2032 505 est:
2100 440 2292 504 Nunc
2337 441 2591 506 tandem
2636 443 2708 505 in
2734 444 2796 524 ξ
2848 445 2947 508 10

477 558 645 623 redit
677 559 757 623 ad
787 559 1279 644 Apollodorum,
1327 562 1464 646 qui,
1511 563 1564 626 si
1596 561 1982 644 Scytharum
2012 563 2302 626 notitiam
2330 563 2613 656 Homero
2644 562 2950 649 abroget,

478 681 793 747 rationem
835 682 1098 747 reddere
1140 681 1392 768 debeat,
1455 683 1611 768 quid
1668 685 1899 749 sentiat
1954 684 2032 748 de
2079 683 2280 766 Mysis
2336 705 2374 748 a
2418 690 2607 770 poeta
2651 706 2948 751 comme-

479 804 754 870 moratis.
2717 782 2728 789 „
2967 870 2972 877 .

653 926 758 991 Sic
815 924 1041 990 Strabo
1098 926 1534 1012 compluribus
1587 928 2002 1013 paragraphis
2055 928 2357 1011 ostendit,
2424 928 2806 1012 Apollodori
2867 937 2949 995 et

475 1045 918 1114 Eratosthenis
991 1052 1370 1115 sententiam
1449 1051 1710 1115 omnino
1784 1051 1963 1116 nullo
2037 1051 2156 1115 niti
2228 1049 2644 1116 fundamento
2730 1056 2943 1136 atque

475 1170 755 1234 Homero
816 1171 1086 1253 Scythas
1142 1171 1305 1237 bene
1366 1178 1555 1237 notos
1610 1172 1829 1237 fuisse.
1931 1172 2334 1236 Contrarium
2396 1191 2548 1242 vero
2611 1175 2943 1258 scriptum

489 1293 833 1356 nvenimus
877 1293 947 1355 in
990 1292 1152 1356 libro
1197 1292 1336 1358 XII
1353 1295 1404 1378 ,¹
1458 1293 1573 1358 ubi
1620 1314 1784 1378 quae
1829 1293 2052 1358 Strabo
2100 1294 2220 1357 hoc
2273 1294 2409 1373 loco
2466 1295 2620 1358 satis
2666 1297 2943 1378 copiosa

477 1414 908 1498 disputatione
962 1413 1120 1479 falsa
1175 1434 1313 1480 esse
1374 1414 1810 1483 demonstrare
1863 1419 2129 1479 conatus
2173 1420 2296 1498 est,
2357 1416 2594 1499 optimo
2643 1417 2790 1481 iure
2849 1418 2938 1482 ab

476 1536 866 1620 Apollodoro
925 1538 1120 1602 statui
1179 1537 1483 1602 concedit.
1585 1538 1759 1603 Dicit
1819 1538 2016 1621 enim,
2082 1536 2436 1600 Homerum
2497 1556 2713 1622 neque
2769 1538 2933 1622 Scy-

477 1659 734 1724 tharum
778 1678 988 1744 neque
1027 1659 1362 1725 Maeotidis
1406 1679 1619 1744 neque
1664 1661 1816 1725 Istri
1856 1658 2154 1725 habuisse
2198 1660 2491 1723 notitiam
2535 1661 2687 1725 inde
2732 1682 2930 1745 appa-

477 1800 642 1865 rere,
689 1782 861 1866 quod
906 1782 1085 1846 nulla
1129 1802 1351 1847 eorum
1394 1784 1635 1847 mentio
1682 1786 1893 1847 exstet
1932 1782 2103 1867 apud
2148 1801 2311 1846 eum.

652 1919 1055 2007 Paragrapho
1105 1923 1183 1986 11
1233 1922 1459 1988 Strabo
1505 1923 1700 2006 redit,
1758 1922 1933 1987 unde
1986 1921 2309 2005 digressus
2362 1924 2525 2001 erat3
2587 1920 2667 1983 ad
2705 1920 2915 2003 ipsam

476 2060 626 2105 vero
673 2042 1163 2127 descriptionem
1207 2045 1726 2129 topographicam
1778 2043 2183 2108 occidentalis
2242 2042 2431 2107 Ponti
2485 2062 2631 2105 orae
2694 2043 2929 2125 quinta

476 2165 721 2230 decima
777 2166 1033 2231 demum
1088 2168 1482 2252 paragrapho
1544 2167 1802 2231 accedit.
1891 2167 2159 2231 Initium
2224 2167 2391 2249 capit
2449 2164 2527 2229 ab
2589 2184 2664 2227 ea
2717 2169 2929 2249 parte,

477 2309 603 2372 qua
647 2288 814 2353 Ister
864 2290 937 2352 in
984 2309 1158 2354 mare
1201 2290 1446 2370 influit3
1504 2290 1655 2354 inde
1688 2290 2198 2373 'septentrionem
2240 2307 2466 2352 versus
2509 2285 2930 2370 progreditur

474 2415 668 2501 atque
725 2411 1006 2495 primum
1067 2412 1327 2494 quidem
1384 2411 1684 2475 describit
1738 2431 1939 2495 oram,
2011 2429 2174 2493 quae
2233 2411 2508 2495 pertinet
2562 2426 2773 2491 usque
2840 2409 2929 2472 ad

473 2533 709 2597 ostium
737 2531 955 2614 Tyrae.
1028 2523 1281 2617 Septem
1329 2538 1661 2597 enumerat
1706 2534 1909 2617 capita
1954 2533 2140 2615 Isti-i,
2187 2530 2487 2614 addenS‚²
2531 2529 2609 2593 ab
2653 2529 2927 2613 Ephoro

474 2656 760 2739 quinque
837 2659 1093 2719 tantum
1171 2655 1394 2719 afferri.
1511 2655 1674 2719 Cum
1737 2653 1993 2740 Ephoro
2068 2654 2477 2718 consentiunt
2548 2651 2677 2714 duo
2756 2673 2928 2736 quos

471 2776 781 2842 habemus
840 2777 1071 2862 peripli
1086 2776 1137 2861 ,⁸
1206 2777 1319 2861 qui
1377 2776 1715 2858 dicuntur3
1792 2778 1863 2840 in
1923 2775 2159 2860 quibus
2218 2775 2392 2858 regio
2455 2771 2566 2837 ubi
2621 2772 2792 2837 Ister
2852 2777 2927 2838 in

470 2917 647 2963 mare
687 2897 927 2983 influit,
984 2900 1187 2964 multo
1232 2901 1591 2964 accuratius
1638 2898 2019 2963 describitur
2065 2917 2257 2981 quam
2301 2894 2470 2978 apud
2514 2893 2924 2964 Strabonem.

470 3021 598 3086 Hic
641 3023 813 3087 enim
854 3041 1092 3087 nomen
1136 3023 1316 3088 affert
1360 3024 1499 3087 eius
1540 3026 1795 3086 tantum
1840 3022 2090 3106 capitis,
2129 3019 2300 3103 quod
2345 3017 2625 3081 maxime
2670 3023 2926 3102 spectat

472 3144 552 3208 ad
593 3144 951 3229 meridiem,
993 3145 1098 3209 cui
1145 3164 1381 3210 nomen
1425 3164 1564 3209 esse
1610 3145 1817 3228 „sacri
1864 3142 2052 3207 ostii“
2100 3140 2312 3223 dicit‚4
2354 3138 2447 3203 illi
2491 3157 2642 3202 vero
2690 3140 2923 3227 singu-

470 3268 681 3331 lorum
727 3267 1007 3352 capitum
1050 3268 1312 3331 nomina
1357 3269 1734 3331 enumerant
1777 3269 1839 3328 et
1881 3269 2170 3327 accurate
2214 3262 2548 3344 adnotant,
2592 3267 2916 3343 quantum

644 3596 697 3663 1)
748 3595 884 3664 XII,
923 3596 983 3661 3,
1024 3593 1107 3649 26.
1137 3593 1196 3649 O.
1233 3593 1353 3647 553.
1429 3592 1494 3646 cf.
1534 3590 1590 3657 Ι,
1631 3591 1685 3658 1,
1726 3590 1759 3644 6
1797 3588 1855 3642 Ο.
1882 3588 1933 3642 4.
2009 3589 2064 3641 et
2098 3602 2264 3655 supra
2302 3603 2350 3655 p.
2394 3585 2474 3639 15.

647 3699 700 3766 2)
755 3698 886 3767 VII,
926 3699 982 3768 3,
1025 3698 1106 3752 15.
1133 3697 1190 3752 C.
1228 3697 1334 3751 305
1381 3690 1626 3765 Ἔφορος
1664 3694 1726 3746 δὲ
1759 3693 2151 3761 πεντάστομον
2188 3693 2361 3759 εἴρηκε
2406 3689 2504 3742 τὸν
2532 3682 2766 3759 Ἵστρον.
2841 3690 2912 3743 cf.

474 3800 728 3870 Dionysii
782 3801 1091 3869 Periegesis
1151 3818 1203 3855 v.
1242 3799 1346 3854 299
1377 3814 1449 3853 ss.
1497 3814 1582 3866 ap.
1631 3795 1887 3863 Mueller,
1950 3792 2254 3861 Geographi
2308 3791 2500 3846 Graeci
2553 3793 2789 3845 minores
2835 3792 2914 3863 ΙΙ,

471 3923 521 3974 p.
561 3905 681 3959 119.

644 4008 700 4076 3)
753 4007 971 4063 Arriani
1008 4007 1260 4078 Periplus
1295 4006 1459 4063 Ponti
1485 4004 1690 4060 Euxini
1726 4020 1810 4072 ap.
1838 3999 2068 4055 Mueller
2093 3999 2279 4066 Geogr.
2322 3998 2409 4052 Gr.
2448 3999 2578 4053 min.
2617 4000 2661 4068 Ι,
2699 4018 2755 4069 p.
2787 4002 2911 4056 399.

470 4113 741 4181 Anonymi
778 4110 1028 4180 Periplus
1064 4110 1225 4166 Ponti
1262 4111 1465 4165 Euxini
1502 4126 1585 4177 ap.
1626 4105 1858 4160 Mueller
1894 4104 1955 4158 G.
1994 4103 2083 4155 Gr.
2122 4101 2251 4154 min.
2291 4100 2344 4169 Ι,
2382 4119 2433 4170 p.
2466 4102 2586 4157 419.

644 4218 701 4293 4)
757 4220 930 4273 Anon.
969 4215 1172 4287 Peripl.
1212 4215 1373 4269 Ponti
1414 4215 1550 4267 Eux.
1587 4212 1625 4265 1.
1653 4212 1690 4267 1.
