3234 4842
1302 189 1843 254 *19—

260 402 265 407 ·
363 383 617 467 singula
674 383 844 447 inter
905 400 973 445 se
1033 380 1319 447 distent.¹
1409 380 1636 447 Strabo
1700 381 1779 445 ab
1848 401 1921 447 eo
1986 382 2218 467 capite,
2287 383 2458 466 quod
2516 384 2793 448 maxime

360 509 600 588 spectat
640 505 720 568 ad
767 504 1092 568 meridiem
1137 523 1344 589 usque
1373 503 1453 567 ad
1488 502 1584 586 id,
1632 504 1804 587 quod
1844 504 1923 567 ab
1969 505 2168 568 altera
2210 509 2388 587 parte
2433 510 2792 569 extremum

358 631 480 710 est,
534 627 709 690 viam
752 645 891 691 esse
935 631 1361 691 trecentorum
1407 625 1759 689 stadiorum
1808 625 2032 709 tradit,
2091 646 2240 690 cum
2286 627 2683 711 singulorum
2724 628 2788 690 in

355 747 617 832 periplis
645 748 1123 812 intervallorum
1148 748 1172 786 2
1218 768 1467 811 summa
1504 747 1589 812 sit
1619 746 2040 811 ducentorum
2074 749 2395 833 octoginta
2425 748 2791 813 stadiorum.

315 858 692 936 ‘Strabonis'
749 871 1235 953 descriptionem
1301 870 1405 934 hic
1468 874 1698 954 parum
1764 887 1901 934 esse
1968 874 2330 934 accuratam
2396 889 2471 934 ea
2538 884 2795 955 quoque

358 993 616 1075 docent,
679 1012 843 1076 quae
888 997 1264 1075 sequuntur.
1355 991 1553 1076 Dicit,
1611 993 1777 1057 ostia
1819 992 1968 1057 Istri
2012 996 2075 1057 et
2114 992 2320 1075 Tyrae
2362 992 2594 1057 distare
2635 1012 2795 1057 non-

356 1119 550 1200 genta
600 1114 828 1197 stadia,
898 1115 1133 1178 omittit
1192 1132 1342 1178 vero
1402 1114 1732 1198 adnotare,
1802 1135 1839 1178 a
1885 1133 2012 1197 quo
2065 1114 2204 1178 loco
2262 1133 2407 1179 orae
2458 1114 2631 1178 illius
2682 1133 2798 1198 per

356 1241 636 1301 trecenta
693 1235 897 1300 stadia
960 1236 1338 1320 pertinentis
1393 1237 1463 1299 in
1522 1236 1642 1299 hac
1700 1238 2171 1320 computa-tione
2228 1237 2485 1300 initium
2543 1239 2793 1321 ceperit.

355 1358 726 1423 Admodum
776 1357 1117 1422 verisimile
1162 1362 1290 1441 est,
1348 1376 1492 1421 eum
1540 1358 1802 1422 initium
1849 1377 2071 1442 capere
2116 1378 2153 1422 a
2194 1357 2403 1422 media
2448 1378 2586 1441 ora,
2633 1377 2796 1441 quae

355 1481 640 1545 continet
704 1480 858 1544 Istri
921 1481 1160 1565 capita,
1226 1479 1286 1544 h.
1347 1498 1397 1543 e.
1467 1484 1723 1544 centum
1789 1484 1852 1544 et
1919 1480 2384 1566 quinquaginta
2452 1479 2653 1544 stadia
2716 1480 2792 1543 ad

354 1603 685 1667 meridiem
719 1620 943 1666 versus
984 1622 1022 1665 a
1060 1603 1264 1687 capite
1295 1602 1477 1686 Istri,
1527 1602 1699 1689 quod
1746 1607 2013 1667 vocatur
2059 1600 2257 1689 ψιλὸν
2287 1598 2551 1685 στόμα.3
2623 1601 2799 1665 Hinc

357 1724 528 1787 enim
589 1729 810 1788 auctor
863 1724 1116 1809 peripli,
1183 1724 1368 1787 cuius
1411 1742 1645 1787 nomen
1692 1724 2093 1808 ignoramuS,
2150 1722 2373 1805 tradit,
2433 1723 2605 1786 viam
2660 1740 2797 1786 esse

357 1846 906 1931 septingentorum
950 1851 1013 1910 et
1060 1847 1526 1930 quinquaginta
1565 1846 1915 1911 stadiorum
1956 1865 2165 1931 usque
2220 1846 2300 1909 ad
2354 1846 2583 1909 turrim
2630 1845 2694 1909 N
2696 1863 2798 1909 eo-

356 1968 645 2051 ptolemi,
689 1987 851 2051 quae
878 1973 1168 2052 vocatur,
1212 1973 1403 2052 atque
1448 1967 1525 2031 ab
1573 1967 1692 2031 hac
1734 1969 1899 2031 turri
1939 1986 2148 2051 usque
2194 1966 2274 2030 ad
2313 1967 2518 2048 Tyrae
2561 1967 2796 2031 ostium

358 2093 616 2153 centum
667 2094 729 2153 et
770 2090 1003 2181 viginti
1050 2089 1416 2154 stadiorum.
1508 2088 1731 2155 Strabo
1793 2093 2006 2154 autem
2062 2093 2246 2173 putat
2264 2088 2289 2128 ⁵
2350 2089 2577 2151 turrim
2631 2088 2797 2152 Neo-

356 2212 619 2295 ptolemi
661 2212 846 2276 sitam
892 2231 1030 2276 esse
1074 2212 1153 2276 ad
1192 2213 1425 2276 ostium
1453 2212 1657 2294 Tyrae
1672 2261 1689 2296 ,
1732 2213 1948 2294 itaque
1989 2217 2054 2275 et
2091 2211 2446 2276 secundum
2476 2216 2794 2275 auctorem

352 2334 579 2417 peripli
640 2339 705 2398 et
764 2334 1118 2398 secundum
1184 2333 1558 2399 Strabonem
1635 2334 1746 2397 illa
1817 2333 1999 2397 abest
2064 2337 2393 2418 nongenta
2452 2332 2657 2397 stadia
2718 2331 2795 2396 ab

354 2456 515 2520 ostio
572 2457 739 2521 Istri.
847 2457 1112 2521 Minime
1173 2461 1386 2521 tamen
1452 2476 1600 2521 cum
1670 2457 1771 2521 his
1837 2455 2419 2541 computationibus
2481 2428 2798 2519 consentit

350 2577 811 2644 Artemidorus,
909 2579 1296 2661 Anonymus
1349 2580 1521 2644 enim
1580 2578 1810 2663 peripli
1867 2582 2089 2642 auctor
2144 2598 2182 2641 a
2233 2577 2402 2659 Tyra
2456 2596 2662 2661 usque
2716 2576 2796 2640 ad

355 2698 752 2765 Cremniscos
796 2719 935 2766 esse
976 2702 1147 2764 viam
1188 2700 1608 2765 ducentorum
1652 2703 1716 2763 et
1748 2700 2170 2784 quadraginta
2202 2699 2552 2764 stadiorum
2581 2698 2793 2779 tradit,

350 2820 794 2886 Artemidorus
814 2823 840 2861 ⁶
877 2841 1030 2886 vero
1064 2822 1476 2886 intervallum
1512 2820 1612 2885 bis
1644 2825 1893 2885 tantum
1929 2839 2067 2885 esse
2097 2821 2264 2903 vult,
2309 2821 2373 2885 h.
2399 2839 2452 2884 e.
2485 2819 2787 2904 quadrin-

350 2948 692 3027 gentorum
750 2944 1067 3029 octoginta
1123 2943 1487 3008 stadiorum.
1579 2943 1650 3008 Si
1709 2944 1854 3027 quis
1911 2944 2112 3026 igitur
2162 2943 2351 3006 etiam
2397 2960 2472 3005 ea
2516 2959 2680 3025 quae
2723 2941 2793 3003 in

350 3065 593 3147 periplo
614 3065 637 3106 ⁷
683 3070 1049 3149 sequuntur
1088 3065 1166 3129 ab
1212 3064 1617 3129 Artemidoro
1663 3065 1862 3150 petita
1906 3082 2043 3127 esse
2061 3064 2087 3103 ⁸
2129 3067 2338 3148 putat,
2385 3063 2793 3127 statuendum

528 3339 582 3405 1)
635 3342 803 3394 Anon.
845 3341 900 3394 et
940 3340 1156 3396 Arriani
1190 3338 1311 3394 Per.
1349 3336 1443 3394 l.l.
1481 3338 1576 3406 (60
1600 3337 1841 3406 ÷4o÷
1862 3336 2017 3404 60-1-
2042 3335 2146 3391 120
2181 3335 2397 3404 stadia).

528 3443 583 3510 2)
633 3446 701 3498 cf.
738 3445 861 3499 adn.
902 3446 951 3500 1.

527 3547 583 3616 3)
633 3548 701 3603 cf.
739 3548 1054 3618 Neumann,
1093 3547 1197 3602 Die
1231 3547 1501 3602 Hellenen
1537 3546 1614 3601 im
1652 3545 2054 3616 Scythenlande
2095 3563 2145 3615 p.
2173 3544 2278 3599 352
2313 3545 2442 3601 adn.
2479 3547 2527 3601 3.

522 3651 580 3719 4)
631 3651 942 3708 Secundum
984 3653 1256 3722 Anonymi
1291 3652 1563 3721 periplum
1599 3651 1851 3718 (Mueller
1887 3651 1949 3705 G.
1984 3648 2074 3704 Gr.
2114 3650 2243 3704 min.
2284 3651 2328 3719 I,
2368 3668 2417 3720 p.
2443 3651 2547 3704 418
2584 3653 2617 3719 ξ
2645 3652 2753 3722 63).

527 3758 584 3825 5)
630 3756 760 3826 vn,
795 3758 853 3828 3,
892 3758 976 3813 16.
1003 3757 1060 3813 c.
1103 3757 1223 3812 306.
2349 3742 2352 3745 ‘

526 3861 583 3929 6)
632 3861 864 3917 Mueller
910 3862 972 3916 G.
1012 3861 1100 3917 Gr.
1139 3861 1270 3915 min.
1308 3859 1366 3931 I,
1407 3877 1457 3929 p.
1484 3859 1590 3914 418
1628 3861 1769 3930 §63

528 3966 582 4034 7)
634 3965 864 4020 Mueller
901 3966 963 4020 G.
1003 3966 1091 4019 Gr.
1133 3966 1264 4020 min.
1305 3964 1333 4019 I
1367 3962 1460 4019 1.1.
1796 3965 1805 3973 '

523 4070 582 4137 8)
633 4071 702 4125 cf.
739 4070 969 4126 Mueller
1014 4072 1075 4124 G.
1116 4071 1205 4126 Gr.
1261 4071 1395 4125 min.
1433 4069 1484 4139 I,
1534 4087 1585 4139 p.
1628 4069 1750 4139 419,
1805 4070 1836 4138 ξ
1872 4068 1941 4123 63
1987 4068 2110 4123 adn.
2163 4069 2219 4122 et
2261 4067 2536 4138 Anonymi
2592 4068 2781 4138 (vulgo

351 4173 573 4245 Scymni
634 4176 781 4244 Chii)
834 4176 980 4231 orbis
1034 4175 1324 4246 descriptio
1380 4176 1501 4232 adn.
1552 4175 1623 4229 ad
1675 4191 1727 4229 v.
1776 4173 1878 4227 797
1935 4190 2019 4242 ap.
2067 4172 2296 4227 Mueller
2326 4173 2386 4227 G.
2426 4172 2518 4230 Gr.
2568 4173 2698 4227 min.
2737 4175 2783 4243 I,

350 4296 403 4350 p.
450 4278 569 4334 229.

2245 4368 2283 4435 2
2299 4366 2338 4403 a*
