3234 4842
1371 217 1910 281 —12—

423 429 658 494 reicere
714 431 912 492 totam
969 428 1426 512 narrationem,
1496 447 1707 512 neque
1775 431 1851 491 ut
1914 443 2054 490 eam
2120 445 2385 510 prorsus
2438 446 2655 491 veram
2714 447 2852 492 esse

421 552 638 616 credat
673 572 712 615 a
756 571 824 616 se
865 551 1204 634 impetrare
1228 555 1455 635 potest.
1539 549 1874 615 Postremo
1904 548 2309 632 confitetur,¹
2355 547 2475 613 sibi
2520 549 2851 614 Zamolxin

422 675 625 739 multo
689 678 840 738 ante
883 672 1316 758 Pythagoram
1373 674 1619 738 vixisse
1671 671 1891 737 videri.
2000 670 2229 755 Neque
2288 690 2442 735 vero
2506 671 2852 738 diiudicare

422 796 643 880 audet,
708 800 931 860 utrum
987 794 1309 859 Zamolxis
1368 795 1557 859 homo
1620 815 1703 858 an
1763 792 1921 858 deus
1987 793 2288 878 indigena
2356 792 2528 877 apud
2582 792 2852 862 Thraces

422 917 669 982 fuerit.²
1170 1000 1175 1004 ι

597 1039 823 1105 Strabo
848 1039 873 1079 ³
932 1044 1152 1104 contra
1219 1043 1343 1104 stat
1401 1060 1439 1104 a
1497 1042 1679 1124 parte
1740 1037 2126 1103 Graecorum
2179 1038 2595 1102 Ponticorum
2659 1042 2853 1123 atque

420 1161 613 1226 etiam
680 1160 1043 1245 Zamolxin,
1114 1181 1373 1226 servum
1440 1161 1873 1246 Pythagorae,
1952 1161 2145 1246 longa
2210 1160 2441 1225 itinera
2507 1179 2717 1243 usque
2781 1162 2853 1224 in

425 1283 797 1368 Aegyptum
820 1283 846 1323 ⁴
917 1284 1251 1349 facientem
1318 1290 1382 1349 et
1447 1304 1721 1368 quarum
1787 1303 2005 1348 rerum
2066 1283 2135 1347 in
2202 1282 2305 1348 his
2369 1283 2663 1347 notitiam
2731 1282 2853 1348 sibi

421 1408 837 1492 comparavit,
902 1406 1317 1491 popularibus
1382 1407 1736 1471 tradentem
1798 1405 2001 1490 fingit.
2108 1405 2237 1469 Hic
2288 1406 2488 1490 igitur
2532 1405 2852 1472 Zamolxis

421 1536 520 1597 est
573 1531 873 1615 magister
927 1528 1270 1613 Thracum,
1344 1528 1695 1593 multarum
1752 1547 2260 1613 magnarumque
2316 1547 2530 1592 rerum
2589 1530 2849 1612 peritus,

418 1656 638 1737 Atque
696 1652 961 1717 eandem
1020 1651 1099 1716 de
1139 1670 1212 1715 eo
1251 1651 1615 1734 opinionem
1661 1651 2024 1714 invenimus
2079 1650 2206 1713 iam
2252 1650 2424 1734 apud
2468 1650 2854 1715 Platonem.⁵

425 1773 712 1837 Socrates
740 1774 944 1852 enim,
991 1776 1330 1857 postquam
1357 1773 1429 1835 in
1457 1772 1745 1837 exercitu
1777 1770 2145 1835 Potidaeam
2173 1771 2505 1836 obsidente
2540 1773 2854 1857 stipendia

420 1895 600 1978 fecit,
662 1895 951 1959 Athenas
1020 1914 1317 1959 reversus
1370 1896 1440 1958 in
1502 1894 1749 1978 dialogo
1765 1943 1782 1978 ,
1852 1894 1956 1958 cui
2018 1892 2388 1959 Charmides
2461 1892 2851 1979 inscribitur,

422 2021 667 2099 narrat,
734 2036 802 2081 se
855 2019 923 2080 in
977 2017 1199 2081 castris
1262 2037 1300 2081 a
1356 2016 1595 2081 Thrace
1657 2016 1934 2100 quodam
1995 2035 2079 2080 ex
2140 2034 2407 2080 numero
2461 2015 2848 2081 medicorum

428 2139 780 2223 Zamolxis‚
843 2140 955 2223 qui
1008 2139 1297 2203 homines
1359 2139 1746 2203 immortales
1804 2138 2067 2203 reddere
2109 2157 2295 2222 posse
2340 2137 2661 2223 dicantur,
2720 2159 2853 2203 car-

421 2281 567 2325 men
638 2261 958 2346 didicisse,
1037 2282 1164 2346 quo
1238 2260 1442 2325 morbi
1517 2261 1856 2345 pellantur.
1969 2260 2118 2325 Sive
2183 2261 2338 2325 haec
2407 2262 2689 2325 narratio
2757 2267 2853 2326 est

419 2403 601 2467 vera,
668 2383 803 2448 sive
866 2404 904 2447 a
958 2378 1215 2448 Socrate
1272 2384 1447 2466 ficta,
1519 2383 1586 2456 id
1662 2388 1909 2447 certum
1970 2388 2093 2467 est,
2167 2384 2296 2447 iam
2359 2383 2480 2447 hoc
2530 2383 2702 2467 loco,
2780 2388 2854 2447 ut

420 2505 590 2590 apud
666 2505 1072 2588 Strabonem,
1156 2505 1252 2568 ita
1325 2524 1682 2569 sermonem
1755 2523 1895 2570 esse
1981 2504 2059 2569 de
2140 2504 2458 2589 Zamolxi,
2547 2510 2621 2570 ut
2704 2525 2852 2569 eum

423 2629 901 2712 magistrum
956 2626 1271 2691 Thracum
1328 2626 1527 2692 fuisse
1588 2631 1922 2692 statuatur.
2032 2625 2196 2691 Cum
2253 2627 2373 2691 hac
2429 2626 2508 2692 de
2562 2627 2852 2692 Zamolxi

430 2751 728 2834 opinione
773 2750 1066 2834 congruit
1107 2748 1427 2814 Diodorus
1474 2749 1793 2832 SiculuS,⁶
1854 2750 1965 2834 qui
2006 2750 2196 2814 etiam
2249 2751 2514 2835 propius
2559 2751 2638 2815 ad
2681 2751 2852 2816 Stra-

422 2872 608 2936 bonis
669 2871 1053 2936 sententiam
1113 2871 1383 2955 accedit,
1441 2875 1731 2935 statuens
1774 2870 2108 2935 Zamolxin
2151 2872 2322 2956 apud
2366 2871 2637 2937 Thraces
2680 2873 2851 2937 simi-

599 3151 652 3219 1)
710 3149 908 3205 Herod.
948 3149 985 3205 1.
1012 3168 1058 3205 c.
1116 3151 1291 3204 δοκέω
1327 3149 1389 3203 δὲ
1429 3151 1693 3202 πολλοῖσι
1729 3149 1876 3201 ἔτεσι
1913 3147 2185 3218 πρότερον
2216 3147 2315 3202 τὸν
2340 3147 2624 3217 Ζάμολξιν
2656 3158 2854 3201 τοῦτον

419 3257 687 3324 γενέσθαι
724 3253 1087 3325 Πυθαγόρεω.

594 3360 648 3426 2)
698 3359 824 3414 Her.
863 3358 901 3413 1.
931 3376 977 3415 c.
1034 3362 1168 3413 Εἴτε
1205 3358 1267 3412 δὲ
1303 3359 1518 3430 ἐγένετό
1558 3378 1644 3419 τις
1678 3360 1960 3429 Ζάμολξις
1995 3358 2318 3426 ἅνθρωπος,
2356 3355 2453 3409 εἴτ’
2490 3357 2611 3409 ἐστὶ
2635 3356 2857 3426 δαίμων

428 3484 512 3526 τις
549 3470 599 3517 Γ
593 3468 783 3538 ἔτῃσιν
824 3459 988 3524 οὗτος
1021 3464 1347 3534 ἐπιχώριος,
1376 3466 1635 3534 χαιρέτω.

600 3571 656 3636 3)
705 3569 837 3639 VII,
877 3570 936 3637 3,
982 3570 1031 3623 5.
1059 3568 1115 3624 C.
1152 3568 1253 3622 297
1291 3568 1361 3622 τὰ
1398 3569 1460 3622 δὲ
1494 3570 1588 3621 καὶ
1629 3567 1761 3638 παρ’
1797 3571 2132 3638 Αἰγυπτίων
2169 3569 2526 3634 πλανηθέντα
2561 3568 2655 3620 καὶ
2689 3569 2854 3637 μέχρι

426 3672 604 3744 δεῦρο.

599 3779 655 3847 4)
708 3779 951 3834 Strabon.
990 3779 1026 3832 l.
1056 3796 1103 3835 c.

599 3883 654 3951 5)
706 3882 861 3938 Plato
901 3882 1220 3938 Charmides
1256 3883 1315 3952 9,
1356 3882 1438 3937 13.

600 3988 655 4054 6)
708 3985 865 4041 Diod.
907 3986 1014 4041 Sic.
1053 3986 1107 4056 I,
1153 3986 1239 4041 94.
1319 3985 1472 4055 παρὰ
1523 3986 1633 4056 μὲν
1674 3986 1784 4056 γὰρ
1836 3992 1953 4047 τοῖς
1979 3982 2251 4056 Ἀριανοῖς
2286 3986 2657 4055 Ζαθραύστην
2705 3988 2856 4039 ἱστο-

427 4101 587 4162 ροῦσι
625 4091 724 4146 τὸν
764 4090 986 4161 ἀγαθὸν
1022 4092 1269 4161 δαίμονα
1301 4090 1797 4160 προςποιήσασθαι
1838 4090 1966 4151 τοὺς
2000 4089 2210 4160 νόμους
2245 4091 2390 4158 αὐτῷ
2414 4088 2665 4153 διδόναι,
2704 4088 2857 4158 παρὰ

432 4197 494 4250 δὲ
538 4200 657 4256 τοῖς
707 4195 1146 4263 ὀνομαζομένοις
1196 4198 1387 4254 Γέταις
1439 4200 1557 4254 τοῖς
1610 4195 2094 4256 ἀπαθανατίζουσι
2133 4194 2418 4264 Ζάμολξιν
2458 4192 2714 4253 ὡσαύτως
2760 4192 2860 4257 τὴν

431 4299 623 4371 κοινὴν
651 4295 891 4360 Ἑστίαν,
935 4298 1087 4372 παρὰ
1125 4299 1186 4353 δὲ
1221 4305 1339 4363 τοῖς
1382 4300 1661 4365 Ῑουδαίοις
1684 4304 1941 4374 Μωυσῆν
1974 4299 2072 4354 τὸν
2099 4297 2211 4351 Ιαὼ
2242 4296 2684 4371 ἐπικαλούμενον
2708 4295 2857 4358 θεόν,
