3234 4842
1325 212 1632 272 —·21
1729 248 1867 255 .-,

376 408 642 469 conatur
699 403 1104 486 Neumann,¹
1181 407 1256 466 ut
1312 402 1608 485 coniciat,
1659 452 1666 455 .
1681 407 1902 485 postea
1969 401 2182 465 sedem
2248 399 2423 465 urbis
2490 399 2812 485 Ophiusae

379 532 688 591 mutatam
733 534 1003 611 eamque
1063 530 1321 611 propter
1371 525 1583 589 locum
1637 529 1703 589 et
1746 525 1990 588 caelum
2034 544 2263 613 parum
2307 522 2558 587 salubre
2607 528 2811 588 trans-

375 651 570 713 latam
616 668 756 741 esse
809 649 878 711 in
920 649 1132 713 locum
1177 648 1461 712 altiorem
1508 651 1574 710 et
1627 647 1829 730 magis
1886 646 1963 710 ad
2013 645 2342 711 meridiem
2387 650 2807 729 spectantem,

375 773 464 837 sic
519 770 761 835 factum
822 789 987 854 esse,
1048 774 1123 834 ut
1179 768 1408 834 Strabo
1459 773 1719 832 centum
1776 773 1840 832 et
1901 767 2321 851 quadraginta
2379 767 2582 832 stadia
2640 770 2809 852 apud

376 894 734 977 Ephorum,
774 897 1030 957 centum
1074 895 1138 956 et
1181 891 1412 975 viginti
1457 890 1627 975 apud
1671 890 2050 954 recentiores
2096 890 2434 972 scriptores
2476 890 2810 958 inveniret.

374 1015 519 1079 Duo
564 1015 658 1078 illi
700 1014 925 1099 peripli
938 1016 987 1097 ,²
1050 1033 1326 1098 quorum
1364 1013 1435 1076 in
1479 1017 1757 1095 utroque
1802 1015 2093 1076 auctores
2134 1010 2213 1075 ab
2257 1013 2684 1095 septentrione
2729 1014 2809 1079 ad

373 1136 701 1201 meridiem
741 1155 968 1201 versus
1011 1134 1533 1220 progrediuntur,
1579 1132 1816 1198 habent
1858 1134 2170 1197 minorem
2213 1152 2575 1199 numerum.

550 1274 851 1339 Exeunte
913 1273 1309 1358 paragrapho
1356 1272 1581 1338 Strabo
1631 1273 2024 1336 mentionem
2066 1270 2217 1336 facit
2258 1272 2505 1337 insulae
2542 1271 2807 1359 Leucae,

375 1417 568 1481 quam
636 1398 991 1481 quingenta
1047 1396 1250 1460 stadia
1312 1394 1391 1459 ab
1458 1396 1619 1460 ostio
1673 1394 1880 1476 Tyrae
1945 1393 2164 1459 abesse
2232 1394 2411 1475 dicit3
2432 1395 2458 1433 ³
2526 1414 2595 1459 re
2656 1416 2808 1460 vera

372 1519 676 1583 distantia
705 1518 905 1583 multo
943 1524 1040 1582 est
1078 1518 1302 1582 minor.
1363 1518 1752 1599 Anonymus
1767 1516 1797 1555 4
1833 1516 2064 1601 peripli
2093 1520 2314 1580 auctor
2344 1516 2808 1601 quadringenta

382 1640 586 1705 stadia
643 1660 782 1705 eam
841 1638 1060 1704 abesse
1121 1639 1366 1723 scribit,
1422 1639 1533 1704 sed
1591 1640 1696 1702 hic
1750 1657 2006 1723 quoque
2051 1657 2360 1702 numerus
2401 1639 2642 1703 nimius
2687 1645 2804 1703 est.

381 1761 723 1845 Videmus,
800 1780 883 1825 ne
956 1762 1061 1825 hic
1126 1760 1386 1845 quidem
1459 1765 1814 1843 auctorem,
1891 1779 2018 1843 quo
2088 1759 2295 1824 utitur
2362 1759 2587 1825 Strabo
2655 1761 2807 1825 satis

375 1905 674 1969 magnam
726 1889 1044 1967 praestare
1099 1883 1509 1968 diligentiam.
1601 1884 1740 1947 Iam
1795 1883 2118 1967 superiore
2175 1881 2313 1946 loco
2356 1881 2584 1947 Strabo
2601 1882 2627 1922 ⁵
2668 1883 2805 1967 ipse

380 1987 533 2071 satis
578 2006 828 2071 diverso
873 2006 1062 2071 modo
1103 2007 1426 2091 exposuit,
1472 2004 1586 2069 ubi
1631 2007 1753 2069 sita
1795 2006 1878 2070 sit
1916 2004 2027 2068 illa
2066 2004 2293 2070 insula.

554 2145 649 2210 Ut
706 2165 817 2209 ora
876 2144 952 2209 ab
998 2144 1167 2209 Istro
1226 2163 1435 2229 usque
1494 2144 1573 2208 ad
1613 2144 1849 2226 'Pyram
1906 2144 2260 2242 pertinenS,
2317 2144 2408 2207 ita
2466 2144 2654 2208 etiam
2712 2164 2804 2228 ea,

375 2287 536 2352 quae
579 2272 675 2331 est
718 2268 888 2331 inter
931 2267 1162 2349 'Pyram
1209 2271 1272 2331 et
1317 2265 1787 2347 Borysthenem
1831 2285 2059 2350 parum
2095 2270 2385 2330 accurate
2428 2265 2807 2330 describitur

374 2410 411 2452 a
441 2389 770 2454 Strabone.
845 2387 942 2453 De
978 2389 1276 2453 distantia
1304 2388 1592 2452 locorum
1624 2387 2099 2452 semel'tantum
2129 2387 2443 2472 loquitur,
2475 2387 2802 2472 adnotanS,

375 2532 413 2574 a
454 2511 622 2593 Tyra
666 2511 746 2574 ad
777 2510 1247 2592 Borysthenem
1294 2529 1432 2574 esse
1474 2511 1646 2573 viam
1691 2513 2141 2574 sexcentorum
2186 2509 2554 2574 stadiorum.
2632 2509 2800 2588 Quo-

375 2632 561 2697 modo
608 2632 688 2696 ad
723 2633 886 2696 hanc
930 2633 1466 2716 computationem
1510 2619 1872 2717 pervenerit
1916 2652 2064 2696 cum
2108 2633 2323 2716 aliqua
2364 2631 2802 2716 probabilitate

374 2756 465 2819 sic
523 2754 828 2838 explicari
886 2773 1071 2839 posse
1137 2754 1409 2820 videtur.
1499 2754 1597 2818 De
1655 2755 2052 2839 singulorum
2104 2754 2393 2819 locorum
2449 2755 2802 2819 intervallis

371 2878 440 2940 in
497 2875 784 2941 fontibus
843 2877 978 2940 suis
1037 2876 1257 2940 eadem
1319 2876 1591 2959 invenit,
1663 2896 1827 2960 quae
1895 2877 2165 2960 legimus
2237 2876 2306 2939 in
2367 2877 2628 2940 Arriani
2645 2878 2673 2916 ⁶
2738 2880 2802 2941 et

369 2999 700 3080 Anonymi
721 2998 744 3037 ⁷
790 2998 1066 3063 auctoris
1106 2998 1366 3082 periplo,
1442 2998 1810 3063 Secundum
1854 2997 2039 3061 illum
2083 3018 2120 3062 a
2149 2998 2549 3080 Borysthene
2594 3018 2801 3083 usque

374 3120 455 3183 ad
495 3120 735 3204 sinum,
784 3121 896 3204 qui
926 3119 1273 3184 vocabatur
1315 3118 1503 3207 λιμὴν
1542 3113 1847 3183 Ἰσιακῶν
1892 3125 2025 3184 erat
2052 3121 2159 3184 via
2190 3121 2800 3205 quadringentorum

384 3240 806 3325 quadraginta
850 3241 1225 3326 stadiorum,
1282 3242 1637 3307 secundum
1680 3242 2043 3307 huncinde
2079 3261 2286 3325 usque
2342 3242 2422 3306 ad
2464 3242 2801 3308 Niconiam

377 3366 805 3426 trecentorum
833 3363 1203 3428 stadiorum.
1283 3362 1382 3428 De
1418 3364 1518 3429 his
1556 3364 1975 3448 septingentis
2012 3369 2076 3429 et
2122 3365 2541 3450 quadraginta
2584 3365 2802 3431 stadiis

545 3671 600 3738 1)
648 3670 965 3740 Neumann,
998 3670 1268 3726 Hellenen
1305 3672 1382 3726 im
1415 3672 1815 3743 Scythenlande
1851 3692 1903 3744 p.
1937 3673 2040 3729 358
2076 3676 2197 3730 adn.
2229 3674 2278 3731 2.

543 3773 599 3842 2)
645 3775 878 3831 Mueller
916 3777 1103 3847 Geogr.
1144 3777 1232 3832 Gr.
1273 3777 1404 3832 min.
1441 3777 1493 3847 I,
1529 3779 1566 3834 l.
1591 3779 1629 3834 l.
1706 3780 1773 3834 cf.
1814 3780 2099 3836 Neumann
2133 3780 2169 3833 l.
2196 3780 2232 3834 l.
2271 3798 2321 3850 p.
2360 3781 2466 3836 360
2500 3782 2622 3836 adn.

544 3880 598 3948 3)
646 3880 729 3949 Π,
767 3882 829 3949 5,
863 3881 947 3936 22.
975 3881 1032 3936 Ο.
1072 3880 1189 3937 125.
1881 3948 1886 3953 ,
2345 3875 2364 3891 “

544 3985 601 4052 4)
652 3986 752 4056 Ap.
791 3984 1022 4040 Mueller
1059 3986 1250 4057 Geogr.
1289 3987 1378 4045 Gr.
1414 3986 1543 4041 min.
1580 3988 1637 4057 I,
1673 4006 1725 4058 p.
1752 3988 1856 4044 419
1894 3990 2038 4059 §65.

546 4089 602 4158 5)
649 4090 716 4144 cf.
753 4090 876 4146 adn.
915 4091 965 4159 3,
1002 4109 1054 4160 p.
1080 4090 1165 4145 42.

543 4194 598 4261 6)
647 4196 750 4263 Ap.
787 4193 1021 4249 Mueller
1057 4195 1117 4250 G.
1157 4196 1246 4251 Gr.
1281 4213 1355 4251 m.
1393 4197 1444 4266 I,
1475 4215 1525 4267 p.
1551 4198 1655 4251 397
1691 4200 1723 4266 ξ
1746 4198 1832 4252 31.

547 4299 601 4366 7)
654 4299 756 4369 Ap.
793 4298 1052 4371 Mueller,
1086 4299 1183 4356 1.1.
1218 4319 1268 4370 p.
1294 4300 1396 4354 417
1435 4308 1465 4367 ξ
1490 4303 1576 4356 61.
