3234 4842
1303 182 1849 268 *11*ss

364 417 501 463 esse
563 400 845 482 putent.¹
954 397 1151 462 Getae
1210 398 1612 481 616116116111,2
1682 399 1927 461 animos
1979 416 2130 460 suos
2159 398 2332 478 ,post
2386 398 2656 456 mortem
2716 392 2797 455 ad

361 520 549 584 illum
584 524 893 585 venturos
927 539 1094 604 esse,
1141 526 1336 604 atque
1367 521 1487 613 hoc
1516 527 1655 585 erat
1684 521 2097 605 praecipuum
2127 519 2197 581 in
2224 517 2528 600 religione
2560 534 2799 597 eorum,

368 642 539 726 quod
587 643 874 705 animum
917 642 1338 707 immortalem
1384 662 1522 707 esse
1567 641 1987 706 confidebant.

545 763 919 828 Mirandum
963 784 1097 828 non
1141 770 1269 849 est,
1327 765 1501 849 quod
1558 764 1813 849 Graeci,
1872 765 1985 847 qui
2046 764 2115 826 in
2174 781 2283 826 ora
2326 761 2518 826 Ponti
2561 758 2802 822 habita-

363 887 543 964 bant,
605 885 685 950 ad
748 905 886 950 eam
941 887 1388 972 cogitationem
1431 892 1890 971 pervenerunt,
1942 891 2018 951 61
2061 888 2389 969 putarent,
2447 883 2612 945 hanc
2656 882 2800 944 reli-

364 1009 621 1091 gionem
668 1008 835 1071 nihil
881 1027 1052 1092 esse,
1090 1010 1216 1074 nisi
1262 1009 1615 1074 doctrinam
1646 1010 2074 1094 Pythagorae,
2124 1008 2236 1091 qui
2274 1007 2518 1069 animos
2546 1006 2801 1067 immor-

369 1130 525 1194 tales
571 1149 710 1194 esse
755 1135 821 1197 et
864 1149 981 1214 per
1025 1150 1286 1214 corpora
1330 1133 1605 1217 migrare
1652 1128 1929 1196 docebat.
2018 1128 2184 1195 Item
2211 1128 2394 1193 facile
2425 1126 2800 1210 explicatur,

368 1252 540 1335 quod
584 1272 702 1316 sua
746 1256 974 1336 sponte
1018 1253 1229 1336 opinio
1273 1255 1343 1317 in
1386 1254 1466 1318 iis
1507 1253 1912 1337 nascebatur,
1957 1252 2132 1316 illam
2164 1250 2516 1314 doctrinam
2547 1268 2628 1312 ex
2664 1248 2804 1332 ipsa

369 1374 632 1438 Graecia
691 1373 1060 1438 translatam
1121 1394 1258 1440 esse
1317 1376 1398 1440 ad
1451 1376 1647 1440 rudes
1700 1376 1843 1440 illas
1900 1394 2022 1465 gen
2031 1379 2141 1439 tes.
2235 1371 2418 1450 Quod
2474 1390 2618 1434 cum
2683 1368 2805 1433 sibi

366 1496 708 1563 finxissent
762 1501 828 1560 et
887 1497 1253 1581 crederent,
1311 1499 1534 1563 Graeci
1578 1496 1831 1562 Pontici
1885 1496 2168 1560 fabulam
2225 1492 2803 1578 excogitaverunt,⁸

371 1638 498 1702 qua
545 1618 864 1701 quomodo
912 1619 1025 1683 illa
1069 1618 1355 1684 doctrina
1401 1619 1480 1683 ad
1523 1621 1669 1684 illos
1713 1620 2131 1704 pervenisset,
2172 1619 2581 1701 exponerent.

546 1740 914 1805 Secundum
956 1741 1122 1805 hanc
1176 1741 1454 1806 fabulam
1501 1742 1824 1807 Zamolxis
1882 1742 2006 1806 fuit
2067 1741 2239 1806 Sami
2294 1758 2518 1806 servus
2563 1736 2803 1819 Pytha-

369 1881 594 1946 gorae,
644 1864 781 1946 qui,
827 1883 976 1927 cum
1032 1863 1172 1927 eius
1218 1863 1569 1928 doctrinam
1613 1865 1873 1948 penitus
1931 1864 2356 1949 cognovisset,
2411 1862 2481 1924 in
2534 1860 2804 1944 patriam

372 2004 670 2049 reversus
715 2004 851 2049 eam
901 2004 1049 2048 cum
1093 1986 1508 2069 popularibus
1550 1987 1687 2050 suis
1729 1987 2321 2049 communicaverat.
2409 1982 2629 2046 Totam
2661 2000 2805 2043 nar-

376 2107 717 2190 rationem,
764 2107 1017 2190 qualem
1046 2108 1415 2174 Herodotus
1455 2130 1493 2173 a
1540 2108 1798 2173 Graecis
1827 2109 2112 2174 Ponticis
2158 2107 2427 2191 accepit,
2472 2104 2637 2167 nihil
2675 2102 2805 2166 fere

373 2248 539 2313 esse,
603 2230 731 2293 nisi
790 2230 1140 2313 simplicem
1203 2249 1423 2295 eorum
1497 2232 1927 2295 coniecturam
1983 2230 2165 2294 facile
2225 2232 2502 2313 apparet.
2623 2224 2808 2302 Quod

373 2352 426 2413 si
490 2351 635 2433 quis
698 2369 932 2435 negare
993 2352 1219 2432 vellet,
1296 2352 1705 2417 statuendum
1766 2353 1826 2415 ei
1889 2355 2087 2435 esset,
2156 2348 2493 2415 Zamolxin
2552 2348 2807 2412 Graecis

373 2474 726 2557 aperuisse,
771 2492 887 2536 cur
932 2473 1221 2538 occultus
1267 2475 1334 2536 in
1379 2494 1654 2539 caverna
1707 2474 2118 2546 subterranea
2175 2472 2614 2554 habitavisset,
2679 2490 2807 2553 qua

373 2614 443 2658 re
486 2594 831 2680 populares
873 2594 1265 2680 deceperat,⁴
1324 2601 1398 2660 61
1438 2597 1518 2659 118
1563 2597 1853 2659 animum
1897 2595 2320 2659 immortalem
2366 2612 2505 2658 esse
2548 2611 2806 2677 persua-

375 2717 572 2781 deret.
662 2716 810 2800 Ipse
870 2716 1275 2787 Herodotus5
1343 2738 1574 2804 anceps
1634 2718 1852 2782 haeret
1911 2718 2029 2781 hac
2089 2716 2166 2781 de
2220 2736 2322 2797 re;
2400 2734 2611 2800 neque
2665 2715 2807 2778 vult

554 3010 607 3079 1)
666 3009 866 3065 Herod.
904 3010 957 3079 4,
991 3010 1061 3064 94
1115 3012 1170 3063 οἱ
1212 3010 1270 3063 δὲ
1310 3011 1490 3064 αὐτῶν
1523 3010 1623 3064 τὸν
1658 3009 1827 3063 αὐτὸν
1862 3018 2062 3064 τοῦτον
2096 3011 2387 3079 νομίζουσι
2428 3009 2739 3075 Γεβελέῖζιν.

550 3115 605 3182 2)
662 3114 862 3170 Herod.
899 3114 936 3170 1.
955 3133 1001 3170 6.
1053 3111 1472 3176 Ἀθανατίζουσι
1519 3114 1581 3168 δὲ
1627 3113 1787 3168 τόνδε
1841 3114 1941 3168 τὸν
1983 3114 2198 3184 τρόπον
2247 3115 2368 3168 οὔτε
2427 3113 2812 3179 ἀποθνήσκειν

374 3219 603 3280 ἑαυτοὺς
637 3222 951 3289 νομίζουσι,
992 3222 1136 3274 ἰέναι
1173 3220 1236 3272 δὲ
1272 3220 1371 3274 τὸν
1401 3220 1790 3290 ἀπολλύμενον
1826 3219 1979 3289 παρὰ
2015 3218 2300 3288 Ζάμολξιν
2338 3218 2600 3288 δαίμονα.

551 3343 606 3411 3)
658 3342 858 3396 Herod.
896 3342 958 3412 4,
1001 3342 1068 3396 95
1124 3343 1196 3403 ὡς
1235 3342 1299 3415 δὲ
1330 3340 1439 3412 ἐγὼ
1477 3342 1844 3411 πυνθάνομαι
1883 3348 1994 3394 τῶν
2030 3340 2127 3395 τὸν
2155 3334 2568 3406 Ἑλλήσποντον
2605 3339 2811 3393 οἰκεόν-

376 3465 485 3501 των
516 3441 789 3513 Ἑλλήνων
833 3448 925 3499 καὶ
963 3446 1215 3511 Πόντον,
1263 3447 1362 3501 τὸν
1398 3448 1684 3517 Ζάμολξιν
1719 3455 1917 3501 τοῦτον
1960 3445 2122 3501 ἰόντα
2168 3449 2472 3516 ἄνθρωπον.
2518 3447 2808 3498 δουλεῦσαι

376 3552 436 3604 ἐν
458 3550 668 3619 Σάμῳ,
706 3551 998 3604 ὅουλεύσαι
1040 3551 1102 3603 δὲ
1137 3550 1449 3624 Πυθαγόρῃ
1480 3558 1556 3619 τῷ
1594 3550 1964 3621 Μνησάρχου.
2040 3551 2298 3604 ἐνθεῦτεν
2345 3549 2408 3603 δὲ
2445 3549 2613 3602 αὐτὸν
2655 3549 2811 3618 γενό-

373 3674 550 3726 μενον
587 3655 875 3725 ἐλεύθερον
901 3656 1165 3725 χρήματα
1205 3657 1518 3722 κτήσασθαι
1558 3656 1752 3726 συχνά.
1819 3657 2169 3726 κτησάμενον
2209 3656 2294 3719 δὲ,
2334 3655 2604 3708 ἀπελθεῖν
2638 3655 2694 3715 ἐς
2716 3654 2811 3719 τὴν

378 3760 601 3822 ἑαυτοῦ,
652 3760 747 3812 ἅτε
785 3760 847 3814 δὲ
883 3763 1158 3827 κακοβίων
1192 3778 1248 3813 τε
1286 3760 1489 3814 ἐόντων
1535 3768 1646 3814 τῶν
1685 3758 1940 3834 Θρηΐκιον
1972 3742 2083 3813 ’καὶ
2143 3761 2666 3831 ὑπαφρονεστέρων,
2715 3759 2813 3812 τὸν

377 3866 662 3936 Ζάμολξιν
686 3874 886 3917 τοῦτον
910 3868 1011 3921 616.
1077 3865 1230 3919 Idem
1267 3867 1537 3920 testantur
1559 3863 1879 3920 Hellanicus
1913 3867 1968 3919 61
2004 3864 2378 3935 lexicographi
2416 3882 2541 3919 eum
2582 3881 2811 3934 sequen-

379 3971 465 4025 tes
497 3969 837 4040 HesychiuS,
874 3969 1101 4035 SuidaS,
1139 3968 1398 4038 Photius,
1435 3970 1679 4026 Eudocia
1713 3987 1766 4024 v.
1796 3969 2085 4026 Zamolxis.

553 4092 611 4158 4)
659 4093 729 4146 cf.
764 4091 962 4147 Herod.
999 4093 1051 4159 4,
1080 4091 1166 4147 95.

558 4198 613 4265 5)
666 4196 864 4251 Herod.
901 4197 953 4265 4,
993 4198 1062 4252 96
1112 4192 1252 4268 Ἐγὼ
1289 4198 1357 4251 δέ
1389 4200 1516 4268 περὶ
1552 4199 1661 4268 μὲν
1695 4199 1896 4253 τούτου
1931 4200 2022 4254 καὶ
2061 4207 2159 4254 τοῦ
2183 4202 2489 4270 καταγαίου
2516 4198 2812 4270 οἰκήματος

389 4302 511 4356 οὔτε
549 4301 822 4371 ἀπιστέω,
861 4303 987 4364 οὔτε
1020 4295 1096 4361 ὧν
1126 4301 1370 4357 πιστεύω
1405 4321 1456 4357 τι
1493 4304 1634 4373 λίην.
