3234 4842
1350 197 1887 258 -28—

413 408 553 452 esse
584 388 1054 452 demonstravit.
1106 388 1369 463 gMirum
1409 392 1531 471 est,
1578 388 1750 472 quod
1786 390 1856 452 in
1890 389 2187 454 distantia
2213 394 2488 474 utroque
2519 389 2848 454 Strabonis

414 511 552 574 loco
599 508 861 573 definita
902 509 1077 573 mille
1125 510 1474 589 stadiorum
1526 510 1880 574 differentia
1934 515 2192 576 exstat.¹
2285 511 2580 597 Denique
2622 511 2846 577 Strabo

413 631 541 695 duo
587 630 879 715 adjungit
916 632 1274 715 enuntiata,
1322 652 1598 716 quorum
1642 633 1713 695 in
1755 634 1964 716 priore
2004 635 2397 698 mentionem
2434 633 2585 699 facit
2612 636 2847 699 montis

409 754 851 837 TrapezuntiS,
892 754 961 817 in
1004 754 1200 833 altero
1242 754 1554 818 nonnulla
1597 755 1776 820 affert
1814 755 1892 820 de
1921 756 2206 839 Bosporo
2244 755 2636 840 Cimmerion,
2685 775 2848 841 quae

411 896 543 940 non
573 876 775 940 multo
808 880 955 940 ante
975 876 1000 914 2
1034 876 1451 941 Posidonium
1495 877 1851 942 tradentem
1894 878 2045 943 feeit
2084 884 2148 943 et
2190 898 2358 963 vquae
2397 860 2661 964 postea³
2706 900 2875 955 rur-.

410 1019 521 1062 sus
562 1002 1025 1062 commemorat.
1382 992 1383 995 ’

590 1117 832 1195 Quarta
895 1121 1289 1205 paragrapho
1366 1121 1599 1185 denuo·
1650 1123 1945 1205 sequitur
2013 1124 2508 1208 geographioum
2568 1122 2846 1188 Artemi-

408 1241 545 1305 dori
601 1261 778 1325 opuS.
2433 1274 2436 1275 ⁷

586 1361 763 1439 Quae
804 1383 1014 1448 usque
1061 1364 1359 1429 adhunc
1402 1366 1615 1430 locum
1672 1369 1963 1430 accurate
2005 1367 2075 1428 in
2130 1368 2358 1451 peripli
2412 1368 2674 1431 modum
2720 1366 2845 1432 ela-

403 1485 629 1567 borata
673 1487 842 1571 apud
888 1485 1263 1552 Strabonem
1309 1489 1645 1573 leguntur,
1705 1488 1784 1552 ab
1827 1488 2232 1553 Artemidoro
2287 1490 2489 1574 petita
2532 1509 2669 1554 esse
2723 1494 2847 1554 sta-

410 1613 589 1674 tuere
634 1609 821 1682 nobis
864 1610 1035 1674 licet·
1065 1631 1199 1675 non
1253 1611 1438 1688 modo
1503 1630 1586 1675 ex
1647 1612 2040 1695 argumentis
2086 1610 2296 1676 adhuc
2339 1612 2547 1692 allatis
2593 1618 2656 1693 et
2696 1612 2874 1676 inde·

410 1732 581 1814 quod
646 1730 1074 1817 fragmentum
1103 1803 1107 1807 ,
1140 1733 1528 1797 Artemidori
1594 1733 1995 1816 invenimus,
2073 1733 2184 1797 sed
2258 1734 2447 1797 etiam
2511 1735 2847 1818 praecipue

407 1859 768 1939 propterea,
822 1855 993 1938 quod
1041 1856 1196 1939 quin
1243 1860 1374 1919 tota
1416 1855 1548 1919 fere
1586 1856 2023 1940 paragraphus
2066 1857 2414 1940 insequens
2457 1855 2655 1931 abeo
2702 1875 2846 1940 pro-

404 1975 570 2040 fecta
612 1976 718 2059 sit,
782 1977 1038 2053 omnino
1098 1976 1375 2041 dubitari
1435 1979 1690 2062 nequit,
1750 1998 2139 2062 quamquam
2177 1997 2412 2042 nomen
2457 1977 2849 2041 Artemidori

405 2117 535 2161 non
582 2098 854 2163 affertur.
945 2098 1287 2163 Neumann
1307 2101 1330 2138 4
1378 2100 1548 2163 enim
1589 2100 2139 2184 argumentatione
2183 2099 2527 2164 admodum
2572 2099 2848 2163 dilucida

405 2225 472 2284 et
533 2220 844 2304 probabili
900 2242 1069 2295 ⁴usus
1136 2222 1629 2306 demonstravit,
1695 2223 1765 2285 in
1838 2223 1975 2286 loeo
2037 2243 2300 2307 prorsus
2372 2227 2589 2287 nostro
2656 2222 2846 2286 simili

404 2342 575 2406 libri·
609 2343 713 2407 XI
775 2345 1203 2428 paragraphos
1269 2348 1307 2408 2
1326 2382 1406 2391 —
1433 2348 1470 2410 9
1530 2346 1813 2409 maxima
1878 2366 1962 2410 ex
2026 2350 2204 2430 parte
2265 2345 2495 2428 petitas
2560 2363 2697 2408 esse
2761 2363 2843 2408 ex

405 2466 825 2530 Artemidoro.
908 2465 1059 2543 Quo
1118 2467 1364 2550 plenior
1425 2468 1505 2531 sit
1557 2467 1904 2551 disputatio
1961 2487 2131 2552 mea,
2191 2468 2258 2530 hi
2301 2467 2423 2530 looi
2466 2442 2632 2529 infra
2669 2467 2845 2530 inter

405 2607 474 2653 se
519 2590 783 2672 oppositi
832 2590 1169 2673 leguntur:

699 2727 859 2812 VII,
908 2730 1029 2813 4,5.
1075 2727 1140 2792 O.
1189 2729 1332 2794 310.
1796 2728 1932 2812 XI,
1981 2730 2101 2812 2,1.
2148 2748 2226 2792 ss‚
2275 2726 2339 2792 C.
2385 2728 2514 2790 492
2563 2746 2654 2808 sq.

412 2865 651 2951 διαιρεῖ
697 2863 768 2930 δὲ
814 2865 850 2929 ὁ
893 2864 1224 2943 στενωπὸς
1698 2866 1860 2955 ὅρων
1906 2864 2248 2932 ὑπόκειται
2613 2879 2616 2884 ·

413 2979 598 3063 οὗτος
641 2990 759 3071 (se.
802 2987 847 3051 ’ὅ
890 2986 1296 3075 Κιμμερικὸς
1693 3000 1805 3075 τῆς
1848 2986 2161 3076 Εὐρώπης
2198 2982 2310 3050 καὶ

411 3104 775 3192 βόσπορος)
820 3108 931 3195 τὴν
978 3101 1208 3173 Ἀσίαν
1251 3107 1389 3172 ἀπὸ
1693 3121 1804 3198 τῆς
1857 3104 2075 3185 Ἀσίας
2121 3108 2157 3172 ὁ
2201 3104 2437 3181 Τάναϊς

401 3238 513 3314 τῆς
546 3215 888 3315 Εὐρώπής,
935 3225 1048 3293 καὶ
1091 3228 1127 3293 ὁ
1236 3217 1241 3220 i
1695 3228 1994 3313 ποταμός
2038 3267 2121 3277 -
2164 3276 2180 3292 .
2227 3224 2495 3316 φέρεται

413 3345 648 3424 Τάναϊς
692 3350 1016 3433 ποταμὸς,
1063 3358 1365 3414 navam—
1699 3349 1815 3435 μὲν
1861 3346 1969 3415 οὖν
2013 3348 2151 3416 ἀπὸ
2195 3362 2321 3415 τῶν

406 3469 524 3555 κρὺ
569 3466 727 3557 ῥέων
768 3468 910 3536 ἀπὸ
953 3482 1081 3535 τῶν
1126 3468 1374 3559 ἄρκτων
1698 3469 2012 3556 ἀρκτικῶν
2054 3484 2265 3561 μερῶν

409 3584 505 3667 εἴς
544 3613 616 3655 τε
661 3591 773 3678 τὴν
816 3588 1035 3679 λίμνην
1077 3590 1186 3657 καὶ
1228 3591 1306 3657 τὸ
1702 3644 1717 3657 .
1754 3646 1765 3657 .
1803 3642 1817 3657 .
1865 3591 1983 3669 τὰς
2028 3589 2144 3674 μὲν
2187 3589 2457 3674 ἐκβολὰς

411 3710 622 3795 στόμα
667 3711 874 3799 αὐτῆς
925 3711 1040 3777 δύο
1080 3708 1280 3811 δ’ἐᾲει
1701 3708 1889 3811 ἴσμεν
1933 3712 2078 3799 (δύο
2125 3707 2350 3776 ὄέἶσὶν
2392 3708 2485 3788 εἰς

592 3988 644 4056 1)
693 3987 921 4058 Berger,
958 3988 1102 4043 Erat.
1139 4007 1190 4058 p.
1230 3989 1348 4045 332.
1387 3990 1509 4044 adn.
1552 3988 1597 4041 1.

584 4093 643 4161 2)
694 4091 827 4161 VII,
867 4092 926 4159 2,
965 4092 1014 4149 2.
1044 4092 1102 4149 O.
1141 4093 1261 4149 293.
1438 4087 1444 4094 ’

579 4197 633 4264 3)
684 4196 799 4265 XI,
834 4198 894 4265 2,
932 4198 981 4250 5.
1011 4196 1068 4251 Ο.
1106 4197 1226 4253 493.

584 4302 645 4371 4)
690 4301 732 4357 1.
774 4301 831 4360 C.
867 4301 1154 4360 Neumann
1190 4301 1225 4356 l.
1261 4298 1298 4357 l.
1335 4319 1386 4373 p.
1414 4300 1603 4361 328ss.
